4366 6052
996 439 1195 506 -232-

475 581 764 667 Lnltzenburgus
785 582 901 648 artium
925 577 960 651 dr
982 601 1148 648 sacrarum
1169 582 1351 649 litterarum
1362 585 1377 664 Ι
1388 581 1562 668 professor,
1586 581 1691 649 ordir‘a
1708 581 1869 652 Praedioa·

474 689 549 776 torij
574 689 680 773 qninq;
703 688 795 756 libris
817 689 1020 774 conscripsit:
1044 690 1162 774 inquo
1186 686 1221 758 do
1246 688 1289 756 de
1314 690 1435 756 Lutero
1451 685 1487 758 dr
1500 687 1540 756 de
1554 689 1772 777 alijssnuper
1792 693 1868 761 orb'a

475 795 637 862 haereticis
658 795 758 863 multe
779 794 1009 882 deprehendes.
1022 798 1036 877 Ι
1048 795 1153 862 Editio
1175 796 1293 880 qmnte,
1308 814 1395 862 nunc
1409 795 1450 861 ab
1464 796 1534 882 ipso
1548 798 1626 877 arr-l
1637 800 1713 863 tone
1726 792 1762 866 dn
1776 805 1867 867 sucta

475 897 512 971 dr
533 902 707 988 recognita.
721 900 822 987 (line.
845 901 883 969 in
905 903 1002 990 tepno
1024 921 1146 987 rappr.
1168 921 1219 970 un
1239 893 1339 970 ronne
1361 920 1426 970 coo
1448 906 1499 970 tre
1512 901 1631 992 soptim
1646 903 1682 969 aa·
1705 903 1767 970 loti
1787 925 1864 974 sono

476 1009 506 1076 le
529 1009 641 1076 lettere
664 1009 748 1074 LK.
772 1026 792 1075 c
812 1009 868 1076 nel
894 1027 1011 1078 naezzo
1039 1028 1112 1075 una
1135 998 1166 1075 H
1188 1006 1388 1096 commoto)
1410 1008 1863 1092 Coloniaesllacndebat

476 1114 613 1180 loannes
636 1115 1034 1200 Kempensis.lhnno
1051 1165 1058 1179 .
1075 1131 1374 1183 mmmm.»
1398 1115 1443 1182 Iu
1463 1115 1550 1202 fite:
1572 1115 1705 1202 (Apud
1727 1123 1863 1185 sanctam

476 1221 534 1287 Ro.
560 1222 689 1309 Imperij
715 1222 886 1297 Coloniam,
911 1222 971 1287 lm·
985 1225 998 1303 Ι
1009 1223 1117 1308 pensis
1146 1221 1349 1289 celeberrimi
1377 1220 1563 1308 Bibliopolae
1586 1223 1630 1289 hl.
1655 1221 1862 1305 (dode-liridi

476 1328 707 1417 Hittorpij:
734 1329 784 1395 14.
808 1327 859 1394 die
885 1329 1039 1395 Martii.»

529 1450 559 1505 ln
578 1450 605 1518 8,
623 1450 650 1505 di
668 1453 687 1505 f.
707 1443 762 1505 non
781 1451 928 1506 numerati.

529 1557 690 1613 959α-961
705 1576 720 1613 o
738 1572 946 1614 ursoanmum.
965 1585 999 1600 -
1017 1556 1085 1629 Leg.
1103 1557 1132 1612 in
1150 1556 1223 1629 pelle
1240 1558 1328 1612 suine.
1347 1584 1381 1601 -
1400 1557 1527 1628 Impresa.
1544 1556 1573 1613 di
1592 1561 1729 1614 oontorno
1747 1556 1793 1615 nel
1814 1557 1857 1616 Dr.

476 1662 557 1720 enei
576 1663 611 1720 R
629 1682 657 1735 9.
677 1679 737 1720 en.

325 1855 405 1930 962
427 1854 588 1930 Orellius
610 1859 811 1924 Fortunatus.
828 1894 872 1910 -
889 1877 907 1921 ‹
924 1859 1089 1925 Fortunati
1101 1863 1115 1940 Ι
1128 1858 1236 1925 Grellii
1259 1860 1403 1939 inlecto
1426 1861 1664 1941 ceromatioosl
1676 1861 1849 1928 Aristoteli

474 1964 573 2031 libros
585 1968 598 2046 Ι
612 1965 854 2053 Commentarij:
875 1968 890 2048 Ι
909 1962 952 2031 nt
980 1963 1154 2031 eorundem
1183 1964 1339 2031 librorum
1350 1964 1397 2046 lb
1423 1965 1538 2033 Groeoo
1568 1966 1602 2031 in
1632 1966 1784 2033 infinum
1804 1987 1851 2054 per

475 2072 610 2138 eundem
627 2073 801 2137 conversio.
815 2071 892 2154 [Ad
916 2072 1143 2158 amplissimum
1157 2076 1191 2138 et
1205 2071 1292 2138 nobi·
1302 2074 1316 2153 Ι
1327 2073 1484 2138 lissimum
1507 2073 1660 2140 Senatum
1677 2072 1852 2156 Noricum!

474 2178 550 2262 (inc.
574 2179 612 2245 in
633 2179 749 2265 bono:
772 2179 838 2245 duc
866 2178 963 2244 moni
991 2178 1051 2245 che
1079 2196 1287 2265 eorrcppono
1307 2198 1357 2245 un
1380 2194 1483 2247 ccmo
1510 2174 1794 2263 d’ubbondonzo3
1813 2181 1850 2246 in·

475 2291 581 2361 torno,
611 2286 702 2352 nella
728 2290 828 2368 purte
857 2284 1040 2368 superne,
1071 2281 1091 2351 d
1119 2285 1145 2351 il
1174 2290 1294 2352 molto:
1318 2304 1420 2352 omar
1452 2304 1607 2353 sannaus
1632 2303 1751 2363 rursm
1781 2290 1849 2354 sotto

476 2392 599 2477 leppeei
619 2392 645 2457 il
667 2410 766 2458 nome
788 2391 842 2457 dcl
865 2391 1036 2478 tipopruso
1058 2410 1193 2458 marusa
1215 2391 1408 2478 nanursou.)
1431 2391 1652 2459 Neostadii
1683 2393 1718 2459 in
1748 2392 1850 2459 Pnlnti·

475 2498 691 2584 natulTypis
713 2496 901 2563 Matthaei
924 2498 1158 2564 Hernisch.
1183 2517 1508 2566 mmmmm.»

530 2599 561 2674 ln
579 2618 627 2674 fol.

528 2723 581 2780 Nel
599 2724 709 2781 volume
727 2741 795 2780 sono
813 2725 865 2780 due
884 2724 954 2796 fogli
972 2724 1539 2797 scioltimaa,contenenti:«1mpictotee
1559 2725 1664 2782 Orellie'
1680 2728 1712 2781 is
1730 2725 1856 2782 cm

476 2834 554 2886 tntu
572 2831 726 2902 Ptprtcien
744 2845 760 2887 e
777 2831 850 2887 altre
868 2832 1043 2887 annotationi
1061 2831 1135 2888 dello
1152 2835 1240 2888 stesso
1258 2835 1431 2902 argomento

529 2936 596 3009 Leg.
614 2937 644 2992 in
663 2952 831 3009 pergamena
849 2952 900 2993 oon
917 2939 989 3009 degi
1008 2938 1107 2994 doreti

325 3132 433 3204 eona.
456 3131 562 3204 Hock
584 3133 630 3204 do
651 3131 867 3204 Brachenuu
882 3135 1104 3202 Wendelinus.
1129 3170 1172 3187 -
1196 3136 1410 3222 ‹Mentagra
1424 3139 1438 3218 Ι
1450 3153 1488 3177 ’”
1504 3135 1686 3222 Mentem-n
1702 3137 1774 3203 aire
1800 3141 1857 3202 tra·

476 3248 603 3326 ctutusl
611 3241 752 3308 excelles
764 3241 804 3308 de
816 3243 919 3308 musis
934 3242 1174 3328 preseruatiuis
1191 3243 1356 3329 regimine,
1370 3239 1436 3330 [et]
1449 3261 1529 3308 cura
1539 3240 1645 3307 morbi
1660 3240 1787 3309 Gallici:
1801 3245 1858 3309 siue

474 3356 510 3415 ut
532 3349 642 3431 culis
654 3348 741 3414 dicit
757 3349 973 3435 Neapolitani:
989 3351 1104 3434 capita
1120 3350 1199 3436 xvij,
1227 3368 1266 3414 ac
1281 3351 1400 3429 rece-l
1412 3354 1467 3434 pto
1486 3350 1594 3434 qninq;
1622 3367 1685 3415 nec
1713 3352 1757 3415 nd
1778 3350 1859 3415 varia

472 3459 611 3542 ungueta
634 3456 731 3520 conti-
742 3456 757 3538 Ι
770 3475 866 3521 nens:
889 3457 1016 3541 ingenio
1040 3457 1165 3541 peritia,
1190 3453 1254 3544 [et]
1279 3457 1464 3542 experietiis
1479 3475 1533 3521 ar·
1547 3458 1561 3537 Ι
1574 3456 1631 3530 tiu;
1655 3461 1690 3521 et
1713 3455 1859 3523 medicine

474 3561 612 3627 doctoris
634 3561 728 3627 studii
752 3563 857 3627 Bono·
869 3565 882 3643 Ι
894 3563 991 3628 niesis
1014 3560 1277 3648 approbatissimi.
1295 3561 1463 3628 Uuedelini
1490 3560 1577 3627 hook
1593 3561 1634 3628 de
1658 3560 1853 3636 Breokonuu.

475 3669 686 3735 exactissimia
700 3668 811 3743 studio,
832 3673 865 3734 et
879 3667 1043 3755 diligentia
1057 3672 1282 3754 comportatum.
1295 3671 1366 3750 Ι-
1381 3665 1398 3752 l
1414 3666 1532 3735 Eiusdd
1546 3668 1696 3754 perutilb
1710 3672 1856 3735 tractum

478 3775 518 3841 de
531 3793 632 3841 curan
645 3779 658 3856 Ι
670 3774 718 3839 dis
729 3772 891 3840 ulceribus
906 3773 993 3840 hunc
1004 3774 1128 3849 morbi,
1147 3779 1183 3841 ut
1193 3771 1365 3860 plurimum
1372 3777 1387 3856 Ι
1394 3768 1656 3859 consequenbus:
1671 3776 1779 3862 capitu
1789 3824 1796 3840 .
1808 3775 1856 3863 vj.

477 3882 669 3968 complentes
681 3884 695 3962 Ι
707 3878 783 3965 -l
805 3882 937 3947 Actoris
960 3880 1099 3948 conlusio
1117 3881 1159 3947 ad
1181 3880 1397 3948 illustrissimi
1419 3880 1462 3946 du
1473 3883 1488 3962 Ι
1499 3885 1590 3946 cetus
1613 3880 1853 3968 vuuebergen

474 3989 596 4075 prlcipe
620 3986 772 4055 Udelricd
785 4034 792 4053 .
805 3989 820 4068 Ι
831 4021 877 4038 -
887 3985 905 4072 l
917 3987 1020 4053 ludex
1035 3992 1257 4054 contentorum
1272 3989 1306 4053 in
1321 3987 1411 4054 hisce
1425 3991 1549 4052 tracte·
1560 3989 1574 4067 Ι
1586 3986 1682 4060 tibus.
1698 3984 1856 4073 dientem

474 4101 509 4162 et
530 4094 746 4161 curandorum
758 4098 772 4176 Ι
783 4093 927 4160 ulcerum
949 4095 1039 4160 iuxta
1055 4096 1171 4160 seriem
1185 4093 1357 4181 alphabeti.
1371 4097 1384 4176 Ι
1400 4093 1487 4160 1529
1503 4112 1532 4157 a.
1551 4092 1644 4160 Sotto
1665 4089 1688 4159 d
1708 4094 1818 4161 scritto
1837 4111 1856 4159 o

475 4221 596 4270 mono:
621 4200 849 4288 «Lugduni».
876 4200 988 4269 Seaza
1002 4219 1102 4269 nonne
1124 4201 1159 4268 di
1184 4199 1366 4289 tipopmfo.

529 4323 560 4382 ln
576 4323 603 4392 8,
621 4323 648 4378 di
665 4324 685 4378 t.
708 4322 765 4391 lxv,
782 4321 830 4393 (3).
851 4322 989 4379 Geratteri
1007 4321 1107 4394 getici3
1126 4323 1304 4394 frontespisio
1322 4337 1398 4378 rosso
1416 4337 1433 4378 e
1450 4336 1519 4378 noro
1542 4320 1730 4378 inoornioioto
1745 4321 1773 4377 di
1788 4319 1857 4391 hesi

321 4517 434 4591 964b.
458 4516 637 4591 Almenar
658 4520 826 4587 lohannes
843 4561 860 4575 -
876 4515 1101 4589 nmmoenus
1124 4520 1288 4586 Nioolaus..
1305 4552 1350 4572 ·-
1373 4517 1426 4604 «l
1449 4519 1563 4586 Libelli
1585 4518 1649 4586 dac
1673 4518 1741 4601 del
1752 4515 1856 4585 morbo

476 4627 601 4715 gallico.
615 4625 659 4713 ll
684 4625 881 4712 Opusculum
902 4626 1039 4712 perutile
1061 4625 1101 4692 de
1120 4627 1263 4692 curatide
1278 4624 1380 4691 morbi
1393 4628 1407 4708 Ι
1418 4625 1466 4710 (ut
1489 4625 1587 4712 uulgo
1603 4625 1667 4691 dici
1689 4624 1784 4711 solet)
1806 4622 1863 4712 gu

473 4734 536 4808 lici,
562 4736 641 4820 ipsu;
664 4733 835 4818 perfecte!
846 4732 1014 4800 eradicare
1035 4731 1199 4799 osteudens:
1215 4752 1275 4818 per
1297 4732 1449 4798 eximium
1463 4733 1538 4798 virui
1553 4731 1627 4798 loi-
1638 4734 1653 4813 Ι
1664 4749 1743 4798 nom
1765 4731 1864 4799 blm*

473 4861 535 4907 nar
557 4839 726 4927 hispanum
740 4839 981 4907 Valentinesem
993 4842 1007 4922 Ι
1017 4841 1136 4906 artium
1157 4844 1190 4906 et
1203 4839 1368 4906 medecine
1383 4838 1546 4905 dootmem
1568 4838 1702 4906 editum.
1717 4842 1732 4922 Ι
1747 4837 1765 4925 l
1788 4838 1866 4926 Opu

473 4948 554 5015 sculi
565 4947 660 5014 huius
671 4947 777 5032 cupita
791 4949 865 5013 sunt
876 4951 996 5034 septem
1004 4949 1019 5028 Ι
1027 4946 1101 5034 Oap.
1115 4941 1310 5015 LDemorbi
1320 4945 1446 5033 origine
1453 4941 1519 5035 [et]
1528 4943 1725 5014 delinitione
1733 4949 1750 5030 Ι
1759 4942 1844 5032 (etc.)
1856 4946 1868 5025 Ι
