4366 6052
1194 430 1237 446 -
1262 395 1394 461 386-

513 537 629 623 lotos.
653 534 862 608 meimetus
886 536 1019 603 Iacobus
1042 537 1207 604 Basilicus.
1240 573 1283 587 -
1308 538 1388 603 «De
1415 537 1533 603 Morini
1550 540 1564 617 )
1579 536 1662 621 quod
1689 536 1859 602 Terounmi
1893 536 2053 614 vocant!

663 650 758 729 etque
782 644 899 709 Hedini
923 645 1168 729 expugnatione,
1194 642 1263 727 deq;
1280 643 1446 729 praellis
1469 642 1553 728 apud
1568 643 1758 722 Bentiacuun
1781 648 1814 708 et
1828 641 1974 708 omnibus
1990 640 2054 724 adl

665 750 751 817 hunc
774 771 873 835 usque
897 750 979 816 diem
1002 750 1092 815 vario
1117 754 1235 815 euentu
1246 753 1259 829 )
1272 751 1357 815 inter
1380 750 1589 816 Caesarianos
1611 754 1644 814 et
1666 748 1775 815 Gallos
1787 752 1800 830 )
1812 750 1919 834 gestis,
1944 748 2053 814 brevis

665 863 697 922 et
720 877 798 922 vere
809 862 823 939 )
835 857 968 923 naratio.
982 859 996 937 )
1008 855 1124 921 Iacobo
1147 855 1284 921 Basilico
1308 855 1485 929 Marchetn
1498 858 1511 936 l
1524 856 1661 940 Despote
1676 853 1762 921 Sami
1776 854 1933 920 Authore.
1946 857 1960 935 )
1973 850 2050 939 (inc.

663 981 784 1047 rappr.
808 982 879 1028 una
902 962 1073 1029 barcaeus·
1094 962 1191 1044 flulti,
1208 967 1303 1028 entre
1319 963 1355 1026 lo
1368 962 1469 1046 quote
1482 966 1603 1029 stanno
1618 980 1690 1027 una
1704 962 1760 1047 fip.
1777 961 1875 1048 olley.
1890 960 1971 1042 sem.
1989 978 2054 1026 coc

664 1067 1187 1152 vessitlceMercurio;intomo:
1202 1085 1574 1134 municionum.
1590 1086 1645 1132 m.
1662 1065 1751 1154 mss)
1766 1067 2052 1151 Antuerpinel

664 1175 758 1262 Apud
790 1175 942 1241 Ioannem
966 1175 1176 1240 Bellerum
1196 1178 1210 1255 )
1230 1173 1287 1240 sub
1311 1174 1427 1260 insigni
1450 1174 1606 1238 Falconis.
1621 1176 1828 1254 (univ.
1845 1176 1860 1253 l
1873 1173 1952 1240 Cum
1977 1171 2052 1235 Pri-

666 1281 792 1368 uilegio.
818 1302 836 1346 »

719 1405 749 1458 ln
768 1403 800 1470 83
818 1420 880 1474 pag.
900 1419 953 1457 non
971 1407 1123 1458 numerate.

718 1509 771 1565 Nol
789 1510 978 1580 frontespizio:
998 1510 1137 1564 «Achiles
1157 1509 1196 1562 P:
1219 1509 1331 1564 Gestari
1348 1509 1390 1563 L:
1408 1512 1572 1580 Auqspurpi
1590 1510 1685 1580 Aprili
1703 1509 1823 1564 1555.»

722 1616 942 1686 1605a-1610f
955 1631 1161 1671 urscnnnnuns.
1176 1642 1209 1657 —
1229 1615 1294 1685 Leg.
1314 1616 1342 1670 in
1361 1615 1434 1686 pelle
1452 1617 1540 1683 suine,
1558 1631 1610 1670 con
1629 1616 1751 1686 impress.
1769 1614 1797 1668 di
1816 1614 1896 1683 fregi.

516 1813 605 1885 1611.
628 1812 827 1884 Timnnus
843 1813 1011 1879 Iohannes.
1028 1849 1072 1863 -
1089 1814 1265 1899 «Farrago
1281 1813 1563 1895 Senstentiarum
1586 1814 1689 1892 con-l
1701 1812 1903 1877 sentientium
1918 1811 1953 1873 in
1972 1828 2054 1874 vera

667 1926 700 1987 et
722 1920 879 1986 catholice
901 1919 1056 1993 doctrine,
1080 1919 1120 1985 de
1136 1919 1233 1986 Ooenn
1248 1920 1382 1993 Domini,
1395 1922 1409 1999 )
1422 1939 1515 2003 quam
1533 1917 1626 1984 firme
1640 1918 1832 1992 assensione,
1856 1913 1891 1985 6ι
1913 1935 1978 1981 uno
1993 1917 2054 2001 spi·

667 2027 732 2107 ri!
744 2030 788 2098 tu,
812 2027 903 2091 iuxta
926 2024 1064 2091 diuinam
1086 2044 1207 2099 uocem,
1232 2024 1386 2090 Eoolesim
1398 2028 1619 2112 [Augmtnnae
1642 2023 1849 2091 confessionis
1871 2022 2053 2109 amplexae!

667 2138 750 2206 sunt,
775 2131 809 2201 o
831 2129 1040 2218 profitentur:
1064 2132 1116 2198 Ex
1137 2133 1244 2218 Apol
1258 2133 1379 2198 stolicis
1401 2134 1544 2219 scriptis:
1569 2133 1735 2198 Praeterea
1761 2151 1803 2197 ex
1833 2129 1950 2197 Ortho
1966 2133 1980 2209 l
1996 2129 2053 2195 do-

668 2260 784 2306 xorum
806 2244 871 2305 tam
895 2243 1049 2312 ueterum.
1074 2237 1167 2323 quim
1191 2258 1289 2304 recen
1300 2240 1316 2322 l
1326 2240 1404 2304 tium
1426 2240 1603 2325 perspicuis
1625 2238 1823 2325 testimonijs,
1847 2241 1961 2303 contra
1974 2238 1987 2316 l
2001 2236 2055 2302 Sa·

671 2347 958 2412 cramentariorum
981 2345 1167 2411 dissidentes
1190 2347 1275 2410 inter
1287 2342 1299 2430 l
1311 2365 1346 2411 se
1361 2346 1533 2431 opiniones,
1550 2345 1721 2432 diligenter
1743 2341 1898 2426 &loona
1912 2341 1975 2409 fide
1991 2343 2054 2408 col·

668 2454 712 2519 le
727 2456 740 2534 )
753 2457 814 2519 cta.
828 2450 841 2538 )
853 2452 919 2517 Per
935 2453 1086 2518 loannem
1101 2452 1290 2520 Timsnnum
1302 2455 1316 2532 )
1324 2451 1609 2526 Amstecodamum,
1627 2451 1794 2517 Pastorem
1811 2452 2053 2529 Bremenseml

669 2560 703 2624 in
725 2558 872 2624 Ecclesia
894 2558 1123 2640 Memmiana!
1135 2557 1206 2624 Unl
1228 2577 1300 2623 cum
1316 2558 1424 2624 Indice
1441 2578 1550 2625 rerum
1572 2557 1860 2636 memorabilium!
1872 2557 1899 2622 F
1908 2538 2054 2622 ranco-

670 2663 775 2730 forti
798 2663 976 2731 excudebat
987 2668 1001 2745 )
1013 2665 1130 2730 Petrus
1154 2663 1595 2744 Brubncchius.lAnno
1619 2682 1837 2731 mnne.»

721 2785 752 2841 ln
770 2786 796 2841 8.

721 2894 788 2964 Leg.
807 2895 836 2948 in
855 2892 927 2964 pelle
945 2892 973 2947 di
991 2892 1097 2959 vitello,
1115 2909 1167 2948 con
1185 2893 1307 2964 impress
1326 2898 1412 2950 contr.
1435 2895 1462 2950 C.
1481 2911 1498 2949 e
1517 2895 1550 2948 D.
1573 2910 1588 2949 e
1607 2894 1729 2963 impress
1747 2893 1775 2948 di
1796 2896 1929 2948 contorno
1947 2912 1972 2946 a„

518 3088 611 3161 1612.
633 3087 820 3161 scultetus
834 3089 1045 3155 Abrnhnmus.
1063 3125 1106 3139 -
1123 3089 1295 3155 «Medulla
1306 3093 1319 3171 s
1331 3090 1525 3177 Theologine
1536 3094 1550 3172 )
1563 3090 1712 3156 Petrum:
1725 3093 1739 3172 l
1751 3089 1813 3165 Qui
1824 3089 2053 3176 ntemporibus

669 3197 776 3283 Apol
789 3197 943 3262 stolorum
966 3195 1006 3261 nd
1030 3195 1204 3261 Concilium
1227 3215 1295 3280 usq;
1320 3197 1473 3263 Nicenum
1496 3195 1683 3264 floruerunt
1712 3196 1863 3263 Methodo
1889 3197 2054 3282 analytice

670 3302 705 3372 &
727 3303 908 3390 syntheticl
919 3306 933 3383 )
946 3322 1108 3388 expresse.
1122 3300 1231 3390 ((ςίο.)
1243 3307 1256 3383 l
1270 3303 1378 3369 Studio
1394 3303 1594 3384 lAbrahcmi
1617 3304 1749 3370 Scultcti
1765 3306 1778 3384 l
1794 3302 2053 3390 Griinbergensis

669 3410 774 3478 Silesii
787 3413 801 3491 )
813 3410 891 3476 Gum
905 3408 1093 3494 praelatione
1105 3411 1119 3489 l
1131 3409 1259 3474 Davidis
1283 3410 1380 3475 Purei
1395 3410 1504 3476 Theol.
1522 3411 1676 3476 Doctoris.
1690 3409 1812 3491 sAmb
1821 3430 1964 3495 ergue.
1978 3413 1992 3490 l
2000 3411 2053 3476 Ex

670 3515 902 3603 typographeio
926 3516 1533 3597 Forsterinnosuonovrn.»

721 3637 752 3693 ln
770 3639 794 3692 4.
813 3636 836 3692 Il
854 3636 1042 3708 Frontespizio
1060 3635 1075 3691 ὁ
1094 3636 1189 3693 chiuso
1202 3639 1231 3692 in
1246 3639 1356 3694 cornice
1368 3639 1421 3694 inc.
1433 3640 1463 3694 in
1475 3656 1550 3696 rame
1563 3656 1614 3695 con
1627 3641 1716 3710 ligure
1727 3638 1905 3710 allegoricos
1919 3640 1950 3694 ln
1963 3642 2050 3695 besso.

669 3744 779 3801 sivede
797 3744 826 3798 ln
844 3744 974 3799 Fortem
991 3743 1035 3798 col
1053 3747 1154 3798 motto:
1173 3753 1302 3800 irrosus.
1321 3760 1448 3801 ronsrnn
1467 3761 1659 3802 ronrmvum
1679 3762 1716 3801 ιτ
1734 3761 1853 3802 meon.

722 3850 789 3921 Lsg.
808 3851 837 3905 in
856 3850 929 3920 pelle
946 3849 1034 3917 suine,
1053 3866 1105 3905 con
1123 3849 1149 3906 le
1168 3851 1291 3920 impress.
1310 3855 1396 3906 centn.
1417 3853 1447 3912 0.
1465 3852 1500 3908 ed
1517 3852 1550 3907 R

523 4044 616 4117 1616.
640 4044 834 4116 Terentius
856 4046 921 4132 (P.)
943 4047 1034 4112 Afer.
1058 4067 1133 4109 -«
1150 4047 1328 4122 Terentius,
1341 4052 1355 4128 )
1368 4049 1406 4114 In
1429 4069 1521 4133 quem
1550 4050 1672 4136 triplex
1701 4049 1785 4115 edite
1811 4056 1860 4116 est
1889 4051 1926 4114 P.
1956 4051 2054 4115 Ante

670 4153 1095 4240 signanianpistngnensis
1118 4153 1356 4220 Commentatio.
1373 4160 1386 4238 f
1402 4157 1546 4222 Primum
1572 4158 1738 4242 exemplar
1764 4155 1848 4242 (etc.)
1871 4157 2053 4223 Secundum

671 4260 837 4345 exemplar
859 4258 944 4344 (etc.)
966 4261 1109 4327 Tertium
1132 4261 1298 4346 exemplar
1312 4260 1396 4348 (etc.)
1413 4263 1536 4328 Horum
1551 4266 1691 4329 omnium
1705 4267 1788 4330 ratio
1807 4266 1840 4328 in
1856 4264 2053 4332 Praelatione

671 4365 875 4434 reddisset.
888 4370 902 4447 l
914 4365 1018 4432 Editio
1033 4367 1121 4432 tertii
1136 4367 1271 4453 exempl.
1284 4372 1297 4448 )
1310 4367 1386 4454 (icc.
1402 4370 1441 4435 in
1456 4371 1553 4456 leone
1568 4390 1688 4454 rappr.
1712 4370 1838 4438 Perseo
1861 4372 1949 4439 colla
1973 4377 2054 4438 testo

670 4473 761 4540 della
793 4471 949 4560 Geryone
963 4470 1011 4558 (l),
1040 4473 1099 4540 dcl
1122 4475 1326 4561 cuicunque
1352 4477 1541 4562 prendente
1567 4478 1767 4563 permirum
1794 4477 1902 4544 ommi
1932 4496 1950 4544 e
1977 4484 2054 4545 teste

670 4577 813 4662 amane)
846 4579 1083 4666 Lugduni!
1097 4579 1192 4666 Apud
1224 4581 1378 4647 Methism
1413 4583 1640 4657 Bonhome‚
1674 4584 1732 4652 sub
1766 4583 1865 4652 Olane
1899 4584 2053 4665 Aures!

672 4685 853 4752 m'.1›.ux.
867 4688 880 4766 l
894 4685 972 4752 Gum
995 4686 1171 4772 Priuilegio
1194 4687 1293 4773 Regis
1314 4687 1356 4754 nd
1377 4689 1612 4755 decennium.»

724 4806 838 4983 6663116
857 4913 932 4983 pelle
950 4914 1037 4981 suine,
1055 4930 1107 4970 con
1125 4916 1248 4986 impress.
1266 4920 1352 4972 centn.
1371 4916 1431 4973 Ell.
