4366 6052
990 401 1190 467 -316-

322 545 448 616 129511.
477 544 592 616 Stella
615 547 776 611 Erasmus.
801 581 845 595 -
870 568 887 608 ‹
905 565 950 602 m
973 546 1098 611 Erasmi
1111 551 1124 627 f
1137 545 1255 612 Stellae
1267 550 1280 626 l
1294 544 1426 610 Libono
1438 550 1449 626 s
1462 545 1552 609 thani
1575 545 1622 610 De
1645 545 1763 609 Borus·
1776 547 1789 624 l
1801 545 1865 611 sine

472 655 593 738 antiqui
605 658 618 735 l
630 653 746 719 tatibus
761 654 820 734 lis
833 652 882 718 bri
899 653 969 718 duo.
988 673 1005 714 ›
1024 654 1066 718 In
1081 653 1197 738 fluet«
1220 652 1417 718 Basileae
1439 651 1716 737 apudlloanuem
1739 652 1865 731 Fro-l

473 760 638 826 benium
661 760 820 842 Men-lea
843 760 1060 840 MartiosAn.
1086 762 1356 839 uoluunt.»

525 882 555 938 ln
573 883 600 950 4,
618 883 645 937 di
664 899 726 954 pag.
745 883 788 938 40.
808 881 985 938 Nell'ultimc
1008 883 1108 952 pagine
1133 880 1149 937 ὁ
1173 882 1190 936 l'
1199 882 1317 953 impreco
1335 880 1379 937 del
1399 881 1506 936 Froben
1531 881 1618 936 incisa
1640 882 1671 936 iu
1695 880 1789 951 legno,
1809 879 1865 937 eice

470 1008 526 1045 una
544 1006 626 1045 mano
644 995 823 1062 sorraggente
836 1008 874 1045 nn
886 990 1013 1046 caduceo.
1033 989 1054 1044 ll
1073 990 1249 1060 frontospizio
1262 987 1277 1043 ὁ
1290 988 1387 1044 chineo
1399 989 1428 1043 in
1444 988 1553 1044 cornico
1568 988 1656 1044 iuciea
1671 989 1701 1044 in
1717 988 1803 1058 legno
1815 1005 1864 1044 con

471 1099 544 1169 putti
560 1115 575 1152 e
591 1098 681 1153 ornati
696 1097 811 1160 diversa
826 1098 854 1151 in
867 1097 924 1152 alto
937 1098 960 1151 ei
979 1097 1076 1166 legge:
1095 1100 1179 1168 Apud
1194 1099 1334 1166 inclytam,
1352 1113 1368 1152 e
1383 1097 1412 1151 in
1427 1098 1515 1151 basso:
1532 1096 1699 1151 Germaniae
1712 1097 1862 1152 Bucilecm.

525 1205 715 1260 Nell'interno
741 1203 814 1260 della
839 1205 980 1274 legatura:
1006 1210 1072 1257 «A.
1098 1223 1124 1255 π.
1144 1226 1170 1277 γ.
1190 1210 1214 1254 λ.
1232 1233 1246 1246 ·
1266 1206 1439 1260 Volcente·
1453 1204 1568 1259 Summa
1589 1214 1705 1275 practer
1728 1207 1804 1259 dona
1827 1204 1863 1258 15

472 1314 541 1367 bats.
562 1312 676 1368 1545»
694 1330 743 1366 me.

527 1418 747 1474 1283a-1295n
765 1435 972 1474 urscuuunuan.
992 1447 1026 1462 -·
1045 1419 1112 1489 Lag.
1131 1420 1160 1473 in
1175 1434 1266 1474 mazza
1284 1418 1357 1489 pelle
1376 1419 1465 1473 enine

323 1614 420 1685 1296.
443 1637 529 1677 -‹
562 1618 608 1681 De
631 1618 852 1700 Antiquitatel
866 1617 1095 1698 Britannicae(
1110 1617 1273 1688 Ecclesiae,
1287 1621 1300 1695 l
1314 1618 1355 1680 Et
1388 1618 1573 1680 nominatim
1586 1620 1599 1696 l
1612 1617 1658 1681 De
1693 1616 1862 1702 Priuilegis

472 1725 627 1790 Ecclesiae
652 1724 898 1796 cantuariensis,
923 1730 1018 1808 atque
1031 1727 1043 1803 l
1056 1723 1095 1789 de
1111 1724 1369 1808 Archiepiscopis
1385 1722 1524 1787 eiusdem
1542 1723 1642 1788 LXX.
1657 1729 1671 1805 s
1686 1723 1862 1805 Historia(

472 1831 622 1897 Antehac
644 1849 708 1894 non
731 1830 791 1894 nisi
815 1830 923 1901 semel,
959 1831 1109 1894 nimirum
1143 1829 1276 1894 Londiui
1301 1830 1333 1893 in
1356 1828 1475 1893 aedibus
1488 1833 1501 1910 l
1514 1831 1642 1894 loannis
1677 1829 1747 1916 Daij
1774 1833 1862 1896 Anno

473 1956 703 2004 u.n.nxx11.
722 1940 877 2016 [excusa
890 1939 904 2016 l
917 1937 1008 2002 Nunc
1031 1937 1110 2002 verb
1133 1936 1207 2001 boni
1230 1936 1347 2022 publici
1371 1936 1449 2022 ergo
1470 1939 1636 2023 recognita
1659 1936 1694 2006 &
1718 1957 1840 2003 recusa.
1850 1940 1862 2019 l

472 2045 549 2129 (inc.
567 2045 605 2109 in
627 2045 724 2131 leprae
747 2063 867 2127 roppr.
899 2044 966 2109 due
987 2044 1083 2108 luant
1105 2043 1315 2131 correppenti
1347 2063 1396 2108 ura
1419 2044 1564 2118 caduceo
1588 2050 1798 2111 sornzontato
1820 2044 1862 2110 clo

473 2152 603 2218 ceculo
626 2150 1403 2237 Malo)HanoviaelTypisWechelianis,
1420 2150 1504 2236 apud
1517 2150 1624 2216 Claud.
1639 2152 1863 2231 Marniuml

477 2254 680 2326 &haeredes
704 2259 832 2323 Ioannis
855 2255 1283 2336 Aubrii.lu.nc.v.›

527 2380 557 2435 ln
575 2380 622 2435 fol.
642 2380 668 2434 di
687 2382 706 2434 f.
725 2379 773 2450 (4),
796 2379 853 2446 179,
872 2379 919 2448 (9).
939 2378 999 2434 Nou
1019 2377 1034 2433 ὁ
1053 2384 1129 2434 certa
1148 2379 1191 2434 dal
1210 2383 1285 2434 tutto
1304 2378 1430 2449 l'origina
1448 2378 1572 2450 palatina
1591 2380 1618 2434 di
1637 2384 1738 2452 questo
1756 2379 1834 2435 libro.

526 2487 592 2557 Leg.
612 2488 640 2542 in
660 2487 732 2557 pelle
750 2486 777 2540 di
796 2486 901 2541 vitello.

325 2682 452 2753 latta.
475 2682 616 2753 nuttcn
651 2684 787 2750 Ulricus.
823 2718 866 2732 -
902 2684 991 2749 «De
1026 2686 1147 2749 unitate
1182 2685 1229 2749 Eo
1249 2688 1262 2763 s
1284 2685 1401 2749 clasiae
1435 2684 1666 2754 conservanda,
1702 2691 1737 2750 et
1766 2685 1864 2764 achil

474 2797 584 2864 amate,
610 2790 692 2876 quod
715 2791 776 2855 fuit
798 2792 883 2856 iuter
914 2790 1114 2856 Henrichum
1147 2792 1222 2855 llll.
1248 2793 1321 2876 imp.
1347 2787 1381 2858 a
1404 2791 1506 2872 Grel
1519 2793 1645 2877 goriam
1669 2791 1747 2856 Vll.
1774 2792 1863 2858 Pont

473 2898 560 2963 Max.
585 2897 749 2963 cuiusdam
780 2898 848 2962 eius
877 2904 954 2963 tem·
965 2901 978 2976 l
990 2899 1078 2984 poris
1112 2897 1254 2984 theologi
1285 2897 1376 2970 liber,
1412 2900 1445 2963 in
1479 2899 1637 2963 uetustiss.
1663 2897 1742 2963 Ful·
1754 2903 1767 2980 ]
1780 2897 1865 2963 densi

475 3000 668 3068 bibliotheca
690 3004 730 3067 ab
755 3003 866 3068 Hutte
878 3008 890 3085 l
903 3022 945 3067 no
968 3004 1116 3068 iuuentus
1139 3022 1252 3087 nuper.
1279 3024 1297 3066 »
1324 3003 1366 3067 In
1387 3005 1466 3089 fiee:
1491 3025 1508 3065 ‹
1534 3004 1571 3068 In
1594 3001 1716 3068 aedibus
1741 3004 1866 3069 loannis

475 3109 674 3175 Seheffer
697 3110 933 3196 Moguntini
956 3115 1112 3190 men-sse
1136 3110 1253 3175 Martio
1277 3112 1371 3175 Anno
1395 3129 1579 3176 u.n.xx.
1607 3132 1624 3174 »

526 3230 556 3286 ln
575 3231 600 3298 l,
619 3232 646 3286 di
664 3233 683 3285 r.
703 3232 751 3300 (a),
768 3232 813 3298 ro,
832 3231 857 3300 (t
877 3232 996 3300 araneo).

527 3338 578 3394 Nol
598 3340 775 3409 fiontespizio
792 3354 860 3393 sono
878 3338 905 3394 le
923 3339 1028 3394 iniziali
1046 3340 1143 3394 ecntte
1161 3356 1179 3393 a
1197 3356 1292 3394 mano:
1311 3352 1328 3392 a
1347 3341 1376 3394 Τ.
1396 3341 1460 3396 D.»

325 3532 450 3605 1298&
474 3533 662 3606 albertini
684 3538 887 3604 Francisous.
911 3574 955 3588 -
987 3537 1218 3622 ‹Opusculum
1231 3541 1243 3618 l
1256 3537 1296 3603 de
1318 3537 1515 3603 miiabilibue
1538 3557 1643 3603 novae
1661 3543 1675 3620 l
1694 3544 1729 3604 et
1749 3539 1867 3603 veteris

474 3644 562 3709 urbis
575 3648 587 3724 l
600 3644 722 3710 Romae
738 3642 855 3709 editum
867 3649 912 3724 la
936 3644 1109 3709 Francisco
1121 3647 1134 3723 s
1147 3643 1308 3725 :ilberti-l
1322 3665 1363 3708 no
1386 3644 1445 3710 Flo
1458 3649 1470 3726 l
1484 3664 1553 3709 reu.
1568 3643 1739 3730 l(piccola
1762 3643 1866 3727 cruce)

474 3752 512 3817 ln
536 3750 659 3837 inclyta
682 3752 753 3833 Bal
766 3750 937 3815 silaeorum
950 3754 962 3831 l
976 3749 1092 3831 urbes
1104 3770 1130 3816 u
1144 3801 1150 3814 .
1165 3770 1186 3816 o
1200 3801 1206 3813 .
1222 3769 1340 3816 x1x.»
1367 3751 1409 3816 ln
1434 3752 1519 3837 fine:
1546 3770 1564 3813 ‹
1589 3751 1635 3816 Da
1669 3749 1865 3816 mirabilibus

476 3877 580 3922 novae
604 3864 636 3924 et
659 3859 779 3923 veteris
802 3857 913 3923 Romae
934 3856 1107 3942 Opusculu:
1133 3856 1219 3921 editu
1242 3877 1262 3920 a
1286 3858 1459 3923 Francisco
1482 3857 1652 3923 Albertino
1675 3856 1792 3923 floren.
1817 3858 1865 3922 lu·

474 3964 597 4031 dustria
620 3961 654 4059 tif
677 3968 819 4052 impensa
842 3965 966 4051 prouidi
989 3967 1063 4031 Viri
1095 3965 1225 4030 Thomae
1249 3966 1367 4030 Wolf
1371 3966 1388 4029 1
1394 4015 1400 4028 .
1426 3965 1668 4052 calcographiae
1700 3967 1796 4052 gnari
1818 3985 1867 4031 en·

474 4078 609 4138 aratum:
634 4092 737 4159 nuper
760 4094 802 4138 ex
824 4075 955 4159 propria
979 4071 1116 4139 Officina
1147 4071 1242 4138 Urbis
1275 4073 1469 4137 Basileae:
1495 4072 1589 4137 Anno
1625 4073 1722 4158 Legis
1758 4074 1863 4159 gratia

475 4179 645 4244 Millesimo
668 4180 921 4266 quingentesimo
937 4178 1154 4244 decimonono.
1173 4178 1270 4244 Mesis
1294 4175 1406 4266 u[er]o
1429 4178 1537 4264 Martij
1559 4178 1618 4244 Die
1640 4180 1796 4245 uicesimo
1818 4199 1863 4245 se·

474 4284 587 4351 cundo:
613 4286 698 4351 Finit
720 4285 918 4352 Feliciter.›

526 4407 556 4463 ln
575 4407 600 4474 4,
619 4408 647 4462 di
666 4409 684 4462 f.
703 4407 751 4477 (4),
780 4408 837 4463 100.
862 4408 1051 4479 Fronteepizio
1075 4412 1155 4464 ontio
1179 4408 1289 4462 cornice
1313 4408 1401 4463 incisa
1425 4408 1454 4463 in
1479 4406 1571 4478 legno.
1589 4406 1643 4463 Nol
1668 4425 1751 4464 verso
1777 4407 1793 4463 ὲ
1815 4423 1862 4462 una

473 4515 606 4571 incisione
624 4515 653 4570 in
671 4515 755 4585 legno
773 4520 1000 4586 rappraeentauto
1019 4514 1048 4570 lc
1066 4513 1196 4585 vergine,
1215 4513 1259 4568 col
1277 4513 1411 4569 Bambiuo
1429 4515 1458 4568 in
1476 4514 1595 4580 braccio,
1613 4521 1748 4569 coronata
1766 4514 1801 4568 ds
1817 4513 1860 4566 due

473 4621 583 4693 Angeli.
602 4621 655 4678 Nol
673 4632 749 4678 recto
767 4621 931 4681 doll'ultimo
948 4621 1045 4694 foglio‚
1063 4621 1136 4678 altra
1153 4620 1289 4676 incisione
1307 4620 1335 4675 in
1354 4620 1438 4691 legno
1456 4625 1685 4692 rappraseutanto
1704 4620 1732 4676 S.
1743 4621 1859 4676 Pietroa

473 4728 500 4784 S.
518 4729 619 4796 Paolo;
638 4729 685 4785 nel
699 4747 789 4798 racrsoy
813 4731 954 4797 incisione,
973 4731 1150 4801 egualmenta
1174 4731 1203 4785 iu
1222 4730 1313 4801 legno,
1332 4746 1383 4785 ove
1402 4726 1418 4783 ὸ
1436 4747 1474 4784 un
1492 4744 1574 4784 nomo
1592 4728 1696 4784 d'arme
1714 4727 1766 4785 che
1785 4741 1859 4797 nagge

473 4853 528 4891 uno
546 4836 692 4894 stendardo
709 4838 824 4893 fecendo
842 4838 870 4893 la
888 4837 1005 4908 guardia
1023 4855 1040 4894 a
1058 4839 1110 4894 due
1129 4839 1213 4905 recudi,
1233 4838 1304 4894 colle
1322 4837 1436 4908 insegne
1455 4836 1499 4893 del
1517 4836 1665 4908 tipogmso.

504 4941 578 4997 ·Nel
596 4944 774 5015 fronteepizio
792 4961 858 4999 sono
877 4943 904 5000 le
923 4944 1027 5000 iniziali
1046 4946 1239 5002 mauoecu'tte:
1258 4958 1275 4999 e
1293 4946 1322 5000 T.
1342 4946 1406 5002 D.»
