4366 6052
985 411 1184 476 -308-

323 549 444 622 mito.
469 586 511 602 -
536 571 553 612 ‹
571 550 730 636 Epistolae
741 555 755 632 Ι
766 552 863 620 trium
885 551 1054 618 illustrium
1077 553 1109 616 vi
1120 557 1133 634 Ι
1146 571 1264 624 rorum,
1286 549 1329 616 ad
1344 551 1565 617 Hermannum
1580 551 1734 617 Oomitem
1745 551 1761 633 Ι
1773 551 1851 617 Nuc-

472 658 605 722 narium.
618 660 631 738 Ι
644 655 793 722 Eiusdem
815 658 1018 744 responsoria
1040 677 1104 724 una
1124 657 1166 723 ad
1189 659 1342 724 Ioannem
1360 656 1497 724 Reuchli
1507 663 1521 739 Ι
1533 677 1619 730 num.
1634 653 1673 726 ἃ
1691 657 1796 723 altera
1810 657 1849 722 ad

471 763 648 829 Lecturam.
665 763 780 844 sltem,
812 763 951 830 Libellus
980 764 1233 847 accusaltorius
1263 763 1386 830 Fratris
1415 762 1523 833 Iacobi
1551 762 1592 830 (ie
1622 763 1847 831 Eoohstrcten.

472 876 585 936 contra
595 868 758 951 ioculare
768 868 930 955 specuium
943 870 1071 935 ioannis
1083 869 1251 935 Bouchlin.
1264 875 1277 951 Ι
1289 865 1525 936 Diisamationas
1539 868 1681 936 eimdem
1688 872 1702 950 Ι
1712 868 1848 951 [ambit

472 976 561 1048 Item,
585 974 734 1040 Defensio
757 995 840 1041 nova
862 976 897 1042 Io
909 978 923 1057 Ι
934 977 1025 1041 annis
1041 975 1199 1042 Bauchiin
1221 995 1264 1040 ex
1285 974 1364 1041 urbe
1388 975 1492 1041 Roma
1511 975 1645 1060 allam(
1655 976 1720 1061 idq;
1743 976 1849 1061 paucis

472 1081 511 1147 ab
533 1082 609 1147 hinc
631 1081 783 1147 diebus.»
809 1081 851 1147 [a
879 1083 964 1168 fine:
990 1082 1076 1147 «Ex
1106 1082 1361 1168 Borromago
1384 1081 1545 1167 Imperiali
1575 1080 1665 1148 urbe.
1698 1080 1847 1168 Oaesarel

473 1187 559 1255 Max.
582 1187 739 1253 aemilinno
760 1185 833 1273 (cic)
856 1187 1071 1273 Ragnantea
1096 1186 1208 1254 censa
1230 1206 1322 1255 anno
1344 1206 1363 1254 e
1384 1206 1484 1256 conce
1505 1188 1543 1255 di
1564 1186 1747 1275 t'niowcfo.

524 1307 765 1378 nasicas).
837 1370 841 1389 ι

323 1503 444 1577 Μὰ.
468 1501 630 1575 Basilina
651 1503 709 1590 (S.)
724 1504 813 1571 Gaas
829 1524 878 1590 ep.
895 1541 938 1556 -
956 1525 974 1567 ‹
991 1505 1099 1571 Basilii
1114 1505 1224 1592 Magni
1240 1505 1422 1573 Caesarien-
1432 1510 1446 1587 Ι
1458 1507 1501 1571 sis
1515 1507 1665 1592 Episcopi
1681 1505 1847 1591 singularis

472 1611 657 1678 eruditionis
677 1610 718 1676 li·
729 1610 856 1692 [belluis
878 1609 918 1683 de
940 1612 1054 1676 ueteri
1075 1611 1276 1697 scriptorum,
1299 1607 1335 1681 <ir
1356 1616 1514 1698 praescr-l
1526 1612 1582 1677 tim
1604 1611 1845 1698 poetaruiibris

472 1713 570 1787 &nn
592 1717 766 1783 christiano
789 1715 848 1782 ho·
860 1720 873 1797 Ι
885 1717 961 1782 mini
983 1736 1039 1782 eos
1060 1715 1205 1782 manibus
1229 1721 1414 1790 attrectare,
1436 1717 1670 1803 legittimam
1701 1717 1848 1783 euoluere

473 1823 626 1896 coneniat,
650 1841 714 1888 una
743 1841 816 1888 cum
851 1822 968 1902 schol
980 1823 1031 1889 liis
1063 1842 1123 1908 per
1145 1821 1327 1891 Udalricum
1350 1822 1447 1890 Fabri
1480 1842 1557 1891 con·
1568 1828 1582 1906 Ι
1594 1825 1734 1890 cinniter
1767 1821 1847 1888 adie-

472 1931 539 1994 ctis.
554 1925 830 2015 (etc.)».1nfine.·
848 1948 865 1989 ‹
883 1929 1055 1994 Viennae
1072 1929 1295 1994 Pannoniae
1311 1949 1370 2014 per
1388 1929 1540 1995 Ioannem
1560 1928 1844 2017 Singrenium.

474 2037 564 2116 En!
581 2035 685 2119 pensis
712 2037 785 2099 aute
816 2034 921 2099 Iocinis
948 2033 1094 2099 Metzker
1126 2035 1257 2120 Bibliop.
1290 2036 1456 2102 Viennen·
1475 2040 1488 2117 Ι
1506 2035 1558 2108 sis,
1589 2037 1685 2101 Anno
1716 2037 1846 2120 uirginei

470 2146 588 2226 partus.
613 2160 639 2206 m
652 2191 658 2203 .
670 2157 768 2206 ccccc
781 2189 787 2202 .
802 2158 911 2208 xvn1.
931 2162 948 2204 »

525 2262 554 2316 In
573 2262 597 2328 4,
615 2262 644 2316 di
661 2263 680 2316 f.
699 2260 765 2332 (38).
784 2261 969 2333 Frontespizio
987 2261 1082 2317 chiuso
1100 2263 1128 2316 in
1148 2262 1256 2318 cornice
1275 2263 1327 2318 ina
1346 2263 1375 2317 in
1393 2263 1485 2333 tegno,
1497 2261 1572 2318 nella
1590 2262 1673 2335 quale
1693 2279 1762 2318 sono
1780 2265 1847 2334 pntti

472 2367 523 2423 che
541 2367 688 2424 schamano
705 2367 735 2422 in
752 2366 1056 2439 moltapiioigmse.1n
1074 2370 1154 2424 bano
1172 2366 1188 2423 ὀ
1207 2386 1244 2423 un
1268 2384 1473 2440 monogramma
1497 2370 1614 2424 formato
1638 2368 1713 2427 colia
1737 2368 1848 2424 initiali:

472 2474 496 2528 1.
514 2475 551 2540 ἃς
568 2489 583 2529 e
602 2491 619 2528 a
636 2473 728 2529 desim
746 2474 774 2531 la
792 2473 864 2544 sigla
881 2473 1072 2530 dall'incisora

470 2667 600 2740 eccam
630 2671 868 2738 Annemundus.
884 2706 899 2719 ·
915 2667 1101 2741 humerus
1130 2672 1224 2737 Mart.
1243 2706 1257 2719 ·
1272 2667 1441 2760 zwingle
1463 2673 1597 2739 Ulricus.
1621 2709 1664 2722 -
1691 2674 1765 2737 ‹In
1791 2673 1849 2738 hoc

472 2778 495 2842 li
506 2782 520 2858 Ι
532 2777 615 2842 bello
637 2781 794 2843 contenta.
811 2764 1038 2859 [Annemundi
1062 2778 1148 2844 Cocti
1172 2778 1294 2862 Equitis
1313 2778 1397 2844 Galli
1419 2778 1460 2843 ad
1482 2779 1635 2844 lectorem
1647 2782 1661 2860 Ι
1673 2778 1847 2865 Epistclnj

474 2882 731 2948 christianissimi
754 2882 898 2950 Doctoris
922 2883 1053 2950 Martini
1077 2883 1208 2949 Lutheri
1231 2882 1271 2949 ad
1283 2889 1297 2967 Ι
1310 2884 1569 2970 inlustrissimum
1592 2885 1771 2972 principem
1792 2885 1848 2950 Ca-

473 3008 510 3054 ro
522 2985 534 3073 Ι
546 2988 613 3054 lum
634 2988 798 3055 Sabaudiae
825 2988 938 3056 ducem
950 2995 963 3071 Ι
974 2989 1124 3076 Epistola.
1138 2995 1150 3072 Ι
1164 2974 1342 3056 Huldrichi'
1363 2988 1495 3077 Zuingiij
1528 2989 1674 3076 Tigurini
1705 2991 1847 3078 Episcopi

473 3097 505 3159 ui
518 3100 529 3175 Ι
543 3095 740 3180 gilcntissimi
762 3095 803 3160 ad
819 3097 949 3162 Petrum
966 3096 1117 3163 Sebiuilla
1126 3100 1140 3178 Ι
1152 3096 1477 3182 Gratianopolitanum
1496 3097 1543 3162 Ec
1554 3102 1568 3178 Ι
1580 3097 1750 3162 clesiasten
1766 3098 1848 3187 Epi!

473 3199 562 3265 stola.
585 3200 669 3286 (etc.)
685 3223 714 3264 s.
739 3201 782 3267 [a
802 3203 888 3287 fiae:
912 3204 997 3268 ‹Ex
1020 3203 1174 3289 'figure
1198 3202 1451 3278 Heluetiori
1473 3203 1625 3288 primario
1655 3212 1747 3289 pago.
1774 3203 1847 3285 13.Ι

473 3305 523 3370 die
546 3306 704 3373 Decebris.
729 3307 831 3373 Anno.
856 3326 1062 3374 unum.
1079 3307 1201 3387 tsuua
1223 3309 1272 3380 sit,
1296 3310 1322 3373 si
1346 3326 1415 3392 quse
1438 3308 1520 3394 apud
1543 3314 1624 3389 voss
1637 3315 1687 3375 est
1710 3311 1847 3389 Christis

472 3410 625 3496 Ecclesil
636 3432 702 3478 a.»

526 3534 749 3605 1n4,dif.(8).

528 3640 743 3697 12580-12620
770 3657 974 3698 macrinum.
1000 3668 1034 3685 -·
1059 3641 1125 3712 Lag.
1150 3659 1201 3698 eon
1225 3658 1262 3697 un
1285 3644 1449 3698 frammento
1472 3641 1501 3697 di
1525 3643 1617 3698 codice
1645 3645 1847 3700 membranaceo

472 3750 634 3804 contenente
653 3765 708 3802 una
726 3749 817 3818 glossa
835 3749 862 3803 di
880 3748 965 3803 dritta
983 3749 1114 3804 canonico
1132 3747 1176 3804 dei
1194 3764 1247 3805 sec.
1267 3763 1312 3804 xv.

325 3938 420 4008 1263.
442 3939 625 4028 (trigamus
654 3944 761 4011 David.
791 3979 834 3993 -
859 3965 876 4006 ‹
893 3946 1121 4030 Ephemerides
1133 3949 1146 4026 Ι
1158 3965 1248 4010 novae
1264 3945 1269 4031 Ι
1283 3966 1438 4011 annorum
1469 3948 1625 4013 XXXVI.
1639 3953 1654 4028 Ι
1666 3950 1846 4032 incipientes

474 4049 513 4114 ab
540 4052 881 4140 αυιιοΙΧρις-ογιννίας
896 4051 968 4136 (sict
995 4052 1086 4125 1595,
1110 4071 1172 4137 quo
1193 4054 1320 4118 Ioannis
1339 4052 1463 4134 Stadii!
1473 4055 1611 4119 maxime
1630 4054 1788 4119 aberrare
1808 4055 1846 4118 in

475 4158 602 4241 cipiunt,
627 4154 876 4240 &sdesinentas
899 4159 931 4223 in
954 4164 1095 4240 annum!
1111 4158 1203 4224 1630.
1215 4160 1231 4243 Ι
1243 4157 1362 4234 Quibus
1383 4160 1548 4245 premissa
1570 4167 1644 4243 ests
1657 4161 1844 4226 Introductis

474 4281 530 4327 seu
551 4263 785 4349 compendiaria
807 4264 903 4350 ephe-
915 4269 928 4346 Ι
941 4264 1095 4331 meridum
1117 4267 1288 4338 enarratio,
1312 4265 1397 4351 (etc.)
1419 4267 1565 4347 Antores
1577 4267 1620 4332 M.
1647 4267 1769 4332 Doride
1784 4267 1844 4334 Ori·

473 4387 556 4453 gano
572 4369 708 4434 Glacen-
719 4375 732 4451 Ι
745 4389 779 4435 se
795 4370 1019 4437 Mathematico
1033 4371 1223 4437 Professor-e
1245 4373 1278 4436 in
1289 4377 1304 4454 Ι
1314 4372 1434 4438 incluta
1445 4372 1517 4458 (sic)
1531 4371 1755 4457 Septemvirali
1771 4375 1843 4439 Mar

475 4475 623 4540 chionum
646 4475 871 4542 Brundenbur·
887 4473 900 4562 Ι
916 4479 1059 4563 gencium
1082 4477 1261 4544 Academia.
1278 4482 1291 4560 Ι
1308 4478 1385 4544 Oum
1408 4481 1512 4564 gratia
1535 4475 1569 4547 &
1592 4479 1770 4566 Privilegio
1792 4481 1840 4545 Su-

473 4583 635 4666 periorum
664 4581 705 4647 ad
726 4580 921 4649 decennium.
935 4583 1237 4664 [Francoiurti
1268 4584 1315 4650 ad
1341 4585 1540 4651 Viadrum
1551 4590 1565 4666 Ι
1576 4585 1678 4671 Typis
1701 4587 1839 4653 Andreae

474 4688 828 4770 EichorniilAnno
858 4690 987 4757 1599.»

524 4809 555 4863 ln
575 4809 601 4876 4,
620 4810 724 4865 volumi
741 4812 760 4865 2
777 4812 806 4866 in
827 4811 849 4864 l.

524 4916 589 4984 Lag.
610 4916 638 4969 in
657 4916 729 4986 pelle
747 4917 834 4983 anina,
854 4935 903 4972 con
922 4919 1043 4988 impress
1063 4923 1148 4974 cautr.
1169 4921 1197 4980 Q.
1218 4920 1262 4975 nel
1280 4918 1332 4975 Dr.
1350 4936 1366 4976 e
1385 4922 1418 4975 R.
1436 4921 1481 4976 nal
1498 4919 1534 4976 R
