4366 6052
984 429 1182 497 -279-

466 576 656 644 universalis
690 573 866 646 methodus,
902 593 944 638 ex
956 576 970 655 1
982 572 1111 640 (161666.
1125 575 1139 653 1
1153 572 1269 640 Omnia
1291 591 1377 637 nunc
1400 573 1536 658 primum
1559 571 1653 638 aedita
1676 572 1761 658 (616.)
1784 574 1852 639 Au-

466 689 556 750 ctore
567 685 581 763 1
594 680 740 749 Conrado
764 681 924 748 Gessnero
948 680 1109 766 Tigurino.
1135 679 1342 765 Lugduni,
1356 680 1370 758 1
1382 679 1438 744 sub
1461 684 1551 744 scuto
1568 680 1757 753 Coloniensi,
1771 680 1853 765 apud

466 791 619 856 loannem
643 787 677 858 &
700 788 907 853 Franciscum
930 786 1190 867 Frellonios‚
1214 785 1514 867 116166611542.»

519 911 550 967 1n
567 911 594 977 a,
613 910 641 964 u
658 925 721 980 pag.
740 909 806 980 (ao),
825 909 886 963 65.
905 935 939 950 -
958 907 1063 963 nurui
1081 923 1133 962 con
1151 907 1232 977 fregi.

518 1016 571 1074 Nel
589 1016 779 1086 frontespizio:
797 1017 874 1070 «dd.
892 1015 999 1070 Achilli
1011 1014 1041 1070 P.
1057 1013 1088 1070 G.
1104 1013 1186 1069 Crruo
1200 1015 1304 1085 Multas
1323 1015 1462 1070 Valcarioe
1474 1031 1567 1070 mnae
1579 1016 1675 1087 Aptata·
1688 1016 1769 1070 1534
1781 1019 1853 1071 dono

466 1125 548 1179 (16561
560 1140 585 1190 a,
605 1121 632 1176 di
651 1137 732 1176 mano
749 1120 795 1176 del
813 1119 938 1176 (laesero.

317 1317 400 1389 1155
409 1321 437 1389 b.
461 1319 666 1391 Gessnerus
688 1317 855 1404 (Geszner)
879 1317 1051 1384 Conradus.
1065 1354 1108 1367 -
1126 1338 1143 1381 ‹
1161 1319 1313 1404 Compen·
1325 1322 1339 1399 1
1350 1318 1436 1384 dium
1459 1339 1501 1384 ex
1516 1321 1650 1385 actuarii
1666 1321 1854 1399 [Zachariae

467 1426 570 1492 Libris
587 1427 633 1492 De
649 1422 835 1491 differentiis
851 1426 1048 1505 urinarum!
1062 1424 1186 1510 iudicijs
1199 1421 1234 1493 dr
1245 1425 1493 1510 praeuidentiis.l
1502 1426 1698 1492 Universahs
1720 1425 1854 1507 doctri-l

466 1553 508 1598 na
532 1533 653 1599 Claudii
676 1531 789 1598 (161661
813 1531 1005 1617 Pergameni
1028 1531 1067 1596 de
1091 1532 1315 1617 compositione
1328 1532 1596 1617 [pharmacorum
1619 1532 1704 1618 (616.)
1720 1533 1854 1619 Sylvula

468 1640 581 1707 Galeni
604 1639 916 1724 Experimentorum
934 1639 976 1703 Et
997 1638 1133 1703 aliorum
1155 1637 1283 1722 aliquot.
1297 1643 1310 1720 1
1324 1638 1439 1706 Omnia
1461 1658 1520 1724 per
1536 1638 1717 1705 Conradum
1733 1640 1854 1706 Gesne-

466 1766 539 1812 rum
562 1745 722 1811 Medicum
739 1743 822 1830 1616.)
845 1750 1004 1831 congesta.
1029 1746 1176 1831 Tiguri
1198 1744 1292 1830 Apud
1309 1745 1573 1832 christophorum
1589 1747 1854 1812 Froschoue-

469 1873 571 1919 rum.
597 1874 615 1916 »
641 1851 760 1938 Sapua:
786 1870 804 1914 ‹
830 1851 1204 1937 Silvulalexperimento
1216 1855 1230 1934 1
1242 1872 1314 1917 rum
1338 1853 1451 1918 Gelani
1475 1850 1559 1938 (etc.)
1584 1874 1613 1916 ›.

522 1976 553 2030 In
571 1975 596 2028 8.

519 2080 572 2136 Nel
591 2080 781 2150 fronteepizio:
799 2081 949 2135 «Achillis
969 2080 1007 2135 P:
1028 2079 1141 2151 Cassera
1160 2077 1230 2153 116»
1247 2108 1281 2122 -
1299 2092 1317 2134 a
1336 2082 1475 2137 Vclcura'oe
1492 2098 1586 2138 mense
1609 2087 1708 2137 martio
1726 2084 1757 2138 a⁰
1780 2085 1858 2138 1313

469 2187 706 2244 (3561666166.

525 2294 743 2350 11546-11551
763 2308 969 2349 urscannauaa
996 2322 1029 2336 -
1054 2293 1120 2363 Leg.
1146 2294 1174 2348 16
1199 2293 1272 2364 pelle
1297 2293 1325 2348 di
1349 2294 1454 2350 vitello.
1480 2322 1514 2337 -
1533 2294 1656 2366 impress.
1675 2296 1702 2352 di
1722 2301 1858 2352 conterno

472 2420 489 2457 a
506 2404 586 2473 fregi.

317 2598 442 2670 11556.
466 2597 575 2670 Sacro
597 2597 711 2668 Bosoo
726 2599 789 2684 (de)
806 2600 974 2665 Iohannes.
992 2635 1007 2647 ·
1022 2596 1168 2669 Pierius
1193 2599 1397 2667 Valerianus.
1415 2636 1458 2650 -
1476 2622 1494 2665 (
1511 2602 1654 2688 Sphaera
1678 2605 1854 2684 16166616

469 2705 508 2772 de
531 2706 629 2773 Sacro
653 2708 764 2778 Bosco,
788 2707 873 2792 typis
885 2709 898 2786 1
910 2707 1043 2779 auctior,
1060 2706 1154 2790 quam
1169 2712 1243 2772 6616
1266 2708 1338 2780 hac,
1361 2712 1424 2793 atq;
1442 2729 1485 2773 ex
1507 2707 1628 2794 diligati
1650 2713 1854 2792 manuscrit

470 2820 595 2900 ptorum
617 2811 905 2898 impressorirmque
928 2811 1071 2879 codicum
1094 2813 1262 2879 collatione
1293 2816 1388 2880 casti-
1400 2818 1413 2896 1
1426 2816 1530 2901 gatior
1553 2835 1626 2881 cum
1647 2819 1856 2883 annotationi·

469 2919 528 2986 bus
551 2916 642 3005 (616).
668 2920 882 3001 Praemissus
902 2920 1041 3006 Philippi
1064 2920 1321 2986 Melanchthonis
1344 2921 1468 2987 doctiss.
1493 2923 1611 3009 praefa-
1630 2925 1748 3007 111666
1771 2924 1856 3010 (616.)

471 3027 708 3107 Adiunximusl
719 3027 794 3091 huic
816 3026 898 3092 libro
930 3027 1148 3112 compendium
1170 3028 1228 3108 161
1245 3028 1414 3113 sphaeram,
1438 3048 1497 3114 per
1528 3029 1669 3094 Pierium
1681 3033 1695 3111 1
1707 3031 1857 3098 Valeria·

471 3153 547 3200 num
569 3134 639 3198 Bel·
651 3137 665 3214 1
677 3133 853 3198 lunensem.
877 3132 953 3217 (iac.
974 3133 1012 3198 ira
1027 3134 1123 3219 tepeo
1146 3153 1266 3218 rappr.
1290 3154 1363 3200 aaa
1385 3136 1516 3223 palliae
1538 3142 1633 3203 antro
1655 3157 1705 3202 66
1727 3139 1858 3214 circulo,

474 3259 537 3308 666
558 3239 740 3307 1611666611
772 3243 885 3307 mutto:
909 3258 945 3305 ns
968 3258 1088 3306 rmovr
1120 3238 1278 3325 6166611)
1303 3241 1502 3316 Parisiis,
1515 3245 1530 3323 1
1542 3241 1636 3330 Apud
1666 3244 1858 3312 Gulielmum

472 3345 680 3419 Cauellat‚
705 3347 738 3410 in
760 3346 873 3432 pingui
898 3344 1026 3432 gallina,
1051 3366 1094 3411 ex
1107 3344 1267 3426 [aduerso
1296 3346 1421 3435 collegij
1449 3348 1695 3415 Cameracensis.
1709 3352 1724 3430 1
1738 3351 1860 3434 15551

473 3450 551 3518 Cum
566 3452 735 3539 priuilegio
752 3453 893 3539 Regis.»
912 3488 955 3502 -
971 3451 1090 3540 Sapua:
1110 3451 1369 3538 ‹Compendium
1384 3455 1417 3518 in
1433 3455 1602 3540 sphaeram
1620 3476 1679 3540 per
1690 3458 1705 3536 1
1716 3458 1858 3524 Pierium

471 3558 683 3625 Valerianum
709 3556 1088 3645 86166666661166.16
1121 3561 1218 3646 tepeo
1240 3559 1349 3627 6161116
1372 3562 1442 3626 6116
1459 3580 1563 3645 pree..
1588 3562 1625 3627 ira
1654 3562 1862 3632 dimensione

475 3664 661 3753 mappiore)
678 3687 707 3729 a.
738 3666 809 3733 Con
826 3665 1058 3752 papiaeeione
1079 3665 1261 3749 differente.

524 3787 555 3843 lu
573 3786 599 3854 8,
617 3788 645 3842 di
663 3789 681 3841 f.
701 3788 744 3843 7o.
764 3787 822 3843 Con
842 3788 895 3843 166.
915 3788 944 3843 16
963 3787 1046 3858 legno
1064 3787 1228 3844 intercalata
1246 3788 1292 3844 nel
1311 3792 1392 3844 testo.

324 3981 446 4054 11575.
470 3981 580 4054 Sacro
602 3982 716 4054 Bosoo
734 3982 798 4069 (de)
822 3987 990 4052 lohannes.
1015 4022 1059 4036 -
1083 4006 1101 4050 ‹
1127 3986 1266 4067 Libellus
1289 3987 1336 4052 Io
1348 3989 1362 4067 1
1373 3988 1466 4053 annis
1488 3986 1527 4052 (16
1550 3987 1648 4054 Sacro
1671 3988 1782 4063 Bosco‚
1796 3993 1810 4071 1
1823 3989 1862 4055 de

474 4093 548 4157 anni
572 4093 706 4166 ratione,
723 4112 780 4158 seu
796 4097 833 4158 ut
854 4097 1012 4174 uocatur!
1026 4093 1131 4180 uulgo,
1156 4094 1326 4179 Computus
1341 4093 1404 4159 Ee·
1417 4097 1430 4174 1
1441 4094 1626 4160 lesiasticus.
1640 4098 1653 4176 1
1666 4095 1744 4161 Cum
1766 4115 1861 4182 prae-

474 4197 594 4263 fatione
608 4201 622 4278 1
635 4199 774 4284 Philippi
798 4199 1065 4265 Melanchthonis.
1082 4199 1188 4284 11166.
1211 4199 1249 4264 ia
1272 4200 1369 4287 16966
1402 4200 1510 4267 simile
1537 4202 1571 4266 61
1593 4199 1635 4265 Ν.
1655 4199 1762 4287 pree.)
1787 4202 1864 4267 Pa·

473 4305 594 4369 risiis
618 4305 712 4390 Apud
735 4305 924 4370 Gulielmum
945 4305 1154 4378 Cauellat‚
1179 4306 1212 4369 in
1227 4306 1336 4392 pingui
1352 4306 1479 4392 gallina,
1497 4326 1539 4372 ex
1550 4310 1564 4389 1
1577 4307 1712 4374 aduerso
1735 4309 1859 4397 collegij

477 4408 726 4476 Cameracensis.
740 4410 862 4492 11550.
889 4433 906 4475 »

528 4529 559 4585 ln
578 4530 604 4598 8,
622 4530 651 4585 (11
668 4532 687 4586 f.
706 4531 749 4587 35.
769 4531 827 4587 Con
845 4533 898 4588 inc.
917 4534 946 4587 in
965 4533 1047 4604 legno
1065 4532 1229 4589 intercalata
1247 4532 1293 4588 nel
1312 4537 1399 4588 testo:
1418 4534 1448 4588 in
1463 4534 1518 4590 flue
1536 4531 1552 4589 ὸ
1569 4533 1691 4606 ripetuta
1708 4533 1862 4591 l’ineisione

475 4635 519 4693 (161
538 4638 716 4708 frontespiaio
734 4639 763 4693 in
781 4638 949 4696 (1166661666
966 4639 1117 4710 maggiore.

317 4804 445 4902 11586
468 4867 512 4884 -
536 4854 554 4897 (
580 4835 752 4918 11166661
764 4836 828 4902 1616
851 4836 1192 4924 cosmogralphicum
1213 4857 1275 4922 quo
1297 4839 1393 4904 totius
1417 4834 1451 4908 86
1473 4839 1684 4904 Astronomiae
1708 4836 1768 4922 &l
1780 4839 1864 4908 Geo-

477 4940 621 5027 graphite
644 4941 832 5018 rudimenta
851 4944 990 5010 certissi-
1002 4945 1017 5023 l
1027 4945 1087 5010 mis
1101 4942 1358 5029 breuissimisque
1372 4944 1528 5012 docentur
1539 4950 1552 5029 1
1564 4943 1758 5032 apodixibus.
1771 4951 1786 5029 1
1797 4948 1865 5014 Re·
