4366 6052
763 449 939 516 ..13-

236 612 279 659 ex
308 611 419 659 eorum
447 611 590 667 numero,
614 592 894 674 Frid.lBalduini,
919 593 971 677 qui
997 590 1081 677 apud
1110 592 1290 678 Lipsiensos
1318 606 1383 656 non
1413 590 1458 657 ita
1486 587 1611 676 pridem

236 699 338 766 editus
359 705 408 766 est
423 697 507 786 (εἰσ.)
523 697 594 788 (εἰσ)
616 699 691 767 libri
713 699 775 766 duo
795 697 878 787 (εἰσ.)
901 700 1042 766 Auctore
1065 698 1195 764 Nicolao
1217 697 1347 766 serario
1369 693 1453 784 (εἰσ.)
1477 696 1511 762 in
1533 696 1614 763 Aca·

237 805 341 873 demia
360 807 596 895 Molguntina
626 800 1516 893 Protomorelcm.1o.orv.(cto.)lMognntiae.lE
1539 801 1615 868 Bal·

237 913 375 980 thasaris
397 914 535 1001 Lippij
561 913 841 1001 Typographeo.»

291 1053 322 1110 In
340 1053 365 1109 8.

88 1246 170 1320 370.
193 1246 363 1322 Sesamus
384 1250 541 1318 Nicolaus.
558 1286 602 1302 -
618 1271 637 1316 ε
653 1251 816 1340 Apologia
827 1256 842 1334 l
853 1270 912 1339 pro
935 1250 1013 1319 disci
1023 1255 1038 1333 l
1048 1251 1123 1337 pulo
1146 1256 1179 1317 et
1200 1250 1312 1338 Magis
1323 1253 1400 1324 otro,
1417 1247 1558 1315 Luthero
1581 1252 1615 1314 et

240 1356 372 1433 diabolo,
381 1360 396 1439 l
404 1360 446 1440 a!
454 1358 637 1426 Lutherano
655 1359 973 1446 super-liniendente
988 1357 1074 1424 Frid.
1092 1357 1151 1424 Bal
1159 1360 1173 1440 l
1181 1357 1275 1424 duino
1291 1354 1617 1442 editaelAlogiclper

241 1464 406 1532 Nicolaum
428 1464 591 1533 Serarinm
615 1463 698 1553 (εἰσ.)
720 1471 903 1533 monstrata.
928 1501 972 1516 -
996 1465 1081 1532 1605
1104 1465 1361 1552 Moguntiae.l
1374 1483 1392 1529 e
1418 1461 1617 1528 Balthasaris

240 1571 403 1659 Lippiil
416 1572 649 1659 Typographeo
665 1569 748 1660 (etc.)
765 1593 794 1638 a.

292 1710 436 1874 {doeg-dib
455 1833 660 1875 mscnmnrns.
678 1845 712 1861 -
731 1817 797 1889 Leg.
815 1819 844 1873 in
861 1817 935 1888 pelle
952 1816 1039 1873 sninc.

95 2008 151 2082 88⁵
172 2008 391 2102 ffleengrein
406 2015 572 2081 Martinus.
588 2049 632 2067 -
648 2034 667 2079 ε
680 2013 826 2080 Ecclesia
840 2013 998 2080 catholica
1008 2017 1055 2095 lc
1069 2017 1258 2079 novatorum
1273 2011 1439 2079 calumniis
1453 2007 1538 2098 (εἰσ.)
1552 2011 1619 2077 vin·

243 2118 347 2187 dicata
360 2124 516 2188 cacans
531 2117 615 2208 (εἰσ.)
631 2120 783 2189 collectim
798 2115 833 2189 d
847 2119 948 2186 editus
958 2122 973 2201 l
985 2138 1006 2184 a
1016 2122 1031 2200 l
1042 2120 1181 2186 Martino
1192 2120 1290 2185 Eison
1301 2121 1316 2201 l
1327 2119 1429 2206 grein.
1449 2138 1473 2184 s.
1485 2139 1511 2185 s.
1531 2118 1620 2185 theo·

242 2225 336 2313 logia
351 2225 391 2292 do
401 2230 416 2310 l
428 2233 526 2302 otone,
543 2226 729 2314 Praeposito
751 2228 870 2293 veteris
889 2225 1054 2312 Octingae.
1082 2220 1118 2294 dn
1131 2225 1347 2307 Academiae!
1360 2223 1619 2312 ingolstadiensis

244 2333 310 2399 Pro
325 2333 527 2400 cancellario.
545 2331 627 2422 (εἰσ.)
646 2334 902 2422 ingolstadii
924 2353 967 2400 ex
988 2335 1151 2420 typogral
1162 2333 1238 2420 phio
1252 2330 1380 2399 Dauidis
1398 2331 1621 2413 Sertorii!

245 2458 272 2505 nr
284 2489 292 2505 .
305 2459 327 2507 o
340 2489 347 2504 .
360 2458 467 2508 nxxm
480 2462 520 2506 .›

297 2580 328 2637 In
346 2580 371 2636 8.

295 2685 363 2757 Log.
381 2687 410 2741 in
427 2685 556 2758 complice
573 2702 740 2758 pergomcna
757 2687 862 2758 dipinta
879 2687 908 2742 in
926 2703 1009 2745 roseo

93 2880 150 2953 ac.
172 2877 417 2970 Hlldogmdia
432 2917 476 2933 -
492 2902 511 2947 ε
528 2881 689 2966 Sanctae!
700 2883 928 2970 Hildegardisl
939 2881 1115 2950 abbatissae
1137 2884 1171 2948 in
1192 2883 1325 2961 montel
1336 2902 1360 2947 s.
1381 2878 1514 2948 Rcberti
1537 2880 1621 2968 apud

246 2988 346 3056 Nanm
368 2986 471 3071 fluvi(
481 3008 545 3063 nm,
561 2987 645 3079 (εἰσ.)
668 2990 872 3077 epistolarum
893 2988 976 3055 liber
990 2986 1073 3078 (εἰσ.)
1096 2990 1172 3055 item
1194 2988 1332 3055 eiusdem
1347 3009 1372 3055 s.
1391 2987 1594 3075 Hildegardis
1605 2991 1621 3070 l

246 3094 310 3161 alia
330 3094 483 3181 quadam,
508 3114 578 3181 qna
601 3114 736 3181 sequens
758 3095 885 3183 pagella
906 3093 1065 3170 indicabit,
1083 3091 1166 3182 (εἰσ.)
1190 3094 1282 3162 Nunc
1302 3095 1440 3181 primum
1460 3093 1495 3160 in
1517 3095 1622 3160 lucem

247 3201 339 3267 edita
363 3199 446 3289 (εἰσ.)
457 3201 667 3284 [colonio
695 3201 778 3289 apud
801 3200 955 3268 Haeredes
982 3200 1133 3267 Iohannis
1163 3200 1343 3277 Quentel
1365 3197 1400 3269 dn
1422 3200 1623 3282 Geminum!

250 3307 479 3382 Gelonium,
503 3308 598 3374 Anno
620 3306 973 3396 nr.o.nxm.(etc.)»

300 3447 374 3502 lnl.

298 3551 1117 3624 ch.mpeueoiviteuo.tlsll)r.enolaimpr.m

97 3746 188 3820 4⁰11.
213 3744 401 3834 Scioppius
412 3745 581 3839 (Schoppo)
594 3750 726 3837 Gespar.
739 3785 783 3801 -
795 3771 814 3816 ε
827 3752 921 3837 Gasp.
934 3752 1072 3838 Scioppii
1083 3754 1097 3834 l
1108 3750 1288 3837 Alexiphar
1298 3753 1313 3831 l
1323 3769 1448 3816 mecam
1462 3749 1595 3836 regium,
1609 3751 1624 3830 l

249 3854 318 3921 felli
333 3854 506 3922 draconum
522 3862 554 3922 et
568 3877 608 3922 ve
618 3859 633 3937 l
644 3877 728 3923 neno
742 3857 883 3946 aspidum
898 3857 956 3925 sub
972 3857 1111 3945 Philippi
1125 3858 1260 3924 Momaei
1272 3859 1286 3938 l
1298 3856 1337 3922 de
1360 3855 1479 3922 Plessis
1502 3872 1626 3940 nupera

253 3962 391 4049 Papatm
420 3962 553 4029 historia
582 3963 658 4046 ab]
670 3963 735 4030 dito
764 3967 957 4051 oppositum
981 3962 1064 4053 (etc)
1094 3998 1138 4014 -
1167 3963 1388 4051 Mogontia
1400 3962 1477 4042 (Ει
1499 3958 1627 4027 officina

250 4067 481 4156 typographica
503 4070 631 4136 loannis
653 4070 810 4137 Albini.
823 4073 944 4153 [Anno
966 4089 1132 4139 mccxli.»

303 4208 334 4265 In
352 4207 378 4263 d

98 4402 187 4477 mo.
211 4401 1392 4496 selopplns(s0noppe)eupcr.-«casp.soi0pnssoo1piacumffloo
1407 4409 1471 4472 est:
1483 4408 1498 4487 l
1510 4424 1626 4471 novum

252 4530 292 4577 cc
304 4530 457 4598 praesens
471 4512 664 4595 adlversns
679 4515 920 4602 protestantium
935 4513 1085 4580 haereses
1101 4513 1275 4579 remedium
1286 4510 1369 4601 (εἰσ.)
1381 4531 1443 4597 quo
1450 4511 1625 4594 ladversus

255 4616 496 4685 Serenissimum
510 4619 546 4684 D.
559 4620 574 4700 l
586 4619 735 4687 Iacobum
753 4620 891 4706 Magnae
906 4620 1090 4686 Britanniae
1101 4622 1115 4701 l
1127 4619 1249 4706 Regem
1264 4617 1347 4707 (εἰσ.)
1366 4618 1628 4698 demonstratur]

253 4723 398 4790 ecclesiae
419 4743 560 4791 romense
583 4723 676 4792 fidem
699 4724 782 4813 (etc.)
812 4761 857 4777 -
884 4726 1108 4813 Mogontia
1118 4727 1133 4806 l
1145 4725 1197 4791 Ex
1225 4723 1351 4792 officina
1381 4723 1629 4811 Typographice

255 4829 383 4896 loannis
405 4829 562 4897 Albini.
575 4833 590 4911 l
601 4833 696 4898 Anno
719 4850 886 4899 noenu.»

306 4967 380 5023 lod
