4366 6052
997 454 1172 520 ..99-

471 594 503 661 S.
527 595 717 680 Syncleticae
740 596 781 660 X.
796 601 808 677 Ι
822 596 873 661 Ex
902 597 981 661 Eliae
1005 595 1193 681 Presbyteri
1216 597 1443 661 sententiarum
1467 616 1509 660 ex
1531 594 1578 660 di·
1590 599 1603 677 Ι
1614 597 1716 661 uersis
1739 597 1842 663 Flori-

470 700 555 786 legio
576 699 775 785 florilegium.
790 703 971 786 [Decerpta
994 722 1035 767 ex
1051 702 1222 786 Florilegio
1238 704 1330 767 Petri
1353 701 1492 767 Abbatis.
1507 702 1643 780 [Leonis
1667 704 1743 788 Imp.
1761 705 1843 770 Can-

468 806 566 871 ticum
589 809 845 891 compunctionis.
859 809 872 887 Ι
885 807 1034 893 Ejusdem
1057 809 1235 892 argumenti
1259 809 1367 875 Canon
1391 806 1556 890 Theolepti
1568 812 1582 889 Ι
1594 809 1740 894 Episcopi
1764 811 1842 875 Phi-

469 911 702 998 ladelphiensis.
716 918 728 993 Ι
741 914 850 980 Canon
880 916 1003 998 agentis
1032 916 1178 986 animam,
1210 933 1252 978 ex
1283 916 1468 981 Graecorum
1480 919 1492 994 Ι
1505 913 1735 998 Euchologio.l
1750 916 1843 982 Alius

471 1019 558 1085 Cano
580 1021 756 1104 peccatoris
771 1019 812 1084 ad
826 1021 1054 1084 sanctissimam
1066 1024 1080 1102 Ι
1092 1021 1259 1105 Deiparam
1271 1024 1285 1100 Ι
1297 1021 1348 1085 Ex
1371 1019 1489 1085 eodem.
1503 1021 1517 1098 Ι
1529 1018 1683 1085 Simeonis
1706 1021 1843 1086 Archio-

469 1126 545 1210 pisc.
563 1125 861 1199 Thessalonicensis,
874 1131 888 1208 Ι
900 1125 939 1191 de
961 1124 1066 1191 divino
1087 1126 1214 1210 templo,
1239 1125 1278 1191 de
1300 1127 1367 1191 eius
1382 1126 1542 1198 ministris,
1555 1126 1569 1203 Ι
1580 1125 1620 1190 de
1642 1127 1742 1191 sacris
1765 1129 1843 1192 eoru

469 1229 587 1296 vestib⁹
608 1231 648 1296 de
677 1236 904 1313 sacrosanctas
916 1233 1114 1317 mystagogia
1139 1233 1206 1296 siue
1232 1232 1330 1297 Missa
1353 1231 1578 1298 Commentari'
1589 1237 1603 1314 Ι
1619 1232 1735 1299 Omnia
1757 1252 1843 1298 nunc

470 1339 607 1424 primum
630 1358 671 1403 ex
700 1337 890 1404 bibliotheca
923 1339 1116 1404 serenissimi
1146 1339 1309 1422 utriusque
1332 1339 1488 1403 Bormiae
1511 1341 1614 1411 Ducis,
1639 1336 1699 1407 &c
1713 1342 1727 1420 Ι
1738 1339 1843 1403 Maxi-

472 1444 602 1517 miliani,
634 1444 806 1530 desumpta,
838 1442 872 1513 <lc
902 1445 1021 1510 Latini·
1037 1447 1051 1524 Ι
1067 1450 1131 1510 tate
1161 1444 1276 1509 donata
1287 1445 1302 1524 Ι
1312 1445 1343 1509 Α
1366 1444 1480 1510 Iacobo
1512 1446 1656 1510 Pontano
1679 1445 1842 1511 Societatis

473 1551 554 1622 lesu,
568 1553 581 1631 Ι
594 1551 671 1616 Cum
687 1551 776 1616 Notis
800 1548 833 1619 &
849 1550 1017 1617 lndicibus.
1032 1554 1045 1630 Ι
1058 1551 1134 1616 Cum
1158 1552 1261 1635 gratia
1284 1547 1365 1636 (etc.)
1378 1554 1392 1632 Ι
1401 1550 1673 1637 lngolstadii,
1686 1555 1699 1632 Ι
1711 1552 1763 1616 Ex
1778 1552 1842 1637 Ty·

471 1657 606 1742 graphia
627 1657 741 1722 Adami
764 1657 965 1724 Sertorii.
979 1661 993 1739 Ι
1003 1657 1098 1722 Anno
1121 1675 1329 1723 u.ncr11.›

523 1778 554 1833 ln
571 1779 597 1833 4.

524 1885 590 1955 Lag.
609 1886 638 1939 in
657 1885 728 1955 pelle
746 1886 833 1940 suine.
853 1914 886 1928 -
904 1884 1027 1955 Impress.
1047 1889 1132 1940 centr.
1154 1886 1180 1939 S.
1198 1884 1244 1939 nel
1262 1883 1313 1939 Dr.
1333 1901 1348 1939 e
1365 1883 1420 1939 nel.
1439 1882 1474 1939 R

320 2040 402 2114 432.
425 2042 646 2134 Panegyrici
668 2051 803 2111 veteres.
817 2082 861 2096 -
876 2066 895 2109 ‹
912 2048 980 2111 XII
997 2052 1010 2129 Ι
1024 2046 1217 2132 Panegyrici
1230 2049 1243 2125 Ι
1254 2046 1400 2119 Veteres,
1414 2052 1427 2129 Ι
1435 2045 1485 2110 Ad
1508 2046 1676 2129 antiquam,
1701 2043 1763 2128 qut
1777 2044 1843 2111 edi·

474 2152 592 2216 tionem
623 2152 684 2235 qua
714 2154 876 2237 scriptu-l
888 2172 965 2224 ram,
997 2150 1127 2216 infinitis
1156 2151 1236 2216 locis
1259 2149 1425 2224 emendati,
1449 2152 1576 2231 aucti;l
1588 2151 1696 2235 Nuper
1719 2150 1842 2235 quidem

473 2277 532 2342 ope
544 2260 557 2336 Ι
569 2257 637 2321 loh.
656 2257 798 2323 Livineii:
811 2261 824 2340 Ι
838 2259 929 2323 Nunc
943 2257 1021 2323 veri)
1036 2260 1134 2342 opert
1145 2262 1158 2337 Ι
1171 2257 1240 2322 Iani
1267 2257 1412 2322 Gruteri:
1427 2261 1440 2337 Ι
1455 2257 1581 2321 Praeter
1596 2276 1729 2340 quorum
1744 2261 1842 2329 notas,

471 2362 627 2428 accedunt
656 2365 750 2429 etiam
780 2365 971 2429 coniecturae
983 2369 996 2445 Ι
1008 2364 1154 2429 Valentis
1184 2361 1327 2434 Acidalii,
1340 2366 1354 2444 Ι
1366 2358 1401 2430 8ι
1415 2367 1429 2445 Ι
1445 2361 1581 2428 Conradi
1604 2363 1815 2427 Rittershusii.
1830 2364 1843 2442 Ι

474 2467 549 2556 (iae.
572 2470 609 2535 in
632 2471 748 2558 lapan:
769 2473 825 2557 ΙΙΙ.
849 2471 885 2536 di
910 2490 1010 2537 aomo
1032 2490 1073 2535 sae
1103 2489 1199 2537 cerno
1229 2470 1328 2544 aloto,
1353 2470 1387 2534 ul
1410 2468 1446 2533 di
1467 2487 1570 2551 sopra
1592 2468 1658 2534 due
1674 2468 1764 2552 palti
1785 2469 1844 2535 che

474 2581 670 2663 sosteayoao
700 2576 724 2641 il
753 2582 873 2643 molto:
903 2575 1055 2662 rsnrvs)
1086 2574 1379 2648 Francofurti,
1399 2577 1413 2655 Ι
1432 2574 1529 2659 Typis
1563 2574 1684 2639 Nicolai
1719 2572 1843 2639 Hoff-

474 2683 628 2755 manni,
652 2683 801 2768 impensis
824 2684 910 2747 lonae
935 2682 1386 2768 Rhodij.(m.no.v11.›

526 2802 557 2857 ln
574 2803 599 2857 8.

525 2909 593 2980 Lag.
612 2910 641 2964 in
659 2909 732 2980 pelle
749 2910 836 2964 suino.
855 2937 888 2951 -
907 2908 1030 2979 Impress.
1050 2912 1135 2963 centu.
1157 2907 1186 2962 O.
1205 2907 1250 2962 nel
1268 2906 1320 2962 Dr.
1339 2923 1354 2962 e
1372 2906 1417 2962 nel
1434 2904 1470 2961 R

322 3065 403 3139 433.
428 3067 621 3139 sodoletus
644 3070 784 3136 lacobus.
809 3106 853 3121 -
879 3090 897 3133 c
921 3069 1026 3135 lacobi
1048 3069 1145 3134 Sado-
1157 3071 1171 3149 Ι
1182 3069 1237 3133 leti
1261 3067 1352 3134 Gard.
1384 3072 1416 3133 et
1446 3067 1591 3151 Episcopi
1604 3070 1618 3148 Ι
1631 3066 1843 3151 Carpentora-

472 3177 589 3242 ctensis
605 3178 702 3259 lViri
733 3178 971 3257 Disertissimi,l
988 3176 1095 3261 Opera
1125 3195 1194 3258 quae
1225 3179 1335 3240 extant
1365 3175 1486 3239 omnia:
1503 3179 1516 3255 Ι
1532 3173 1582 3238 Ad
1612 3173 1842 3256 Eloquentiam,

471 3282 618 3348 Philoso-
630 3287 643 3365 Ι
654 3284 769 3369 phiam,
787 3303 826 3348 ac
840 3282 1044 3368 Theologiam
1067 3283 1265 3368 pertinentia.
1279 3284 1292 3362 Ι
1305 3281 1396 3346 Nunc
1410 3281 1546 3364 primum
1563 3299 1581 3345 e
1596 3280 1694 3344 variis
1701 3283 1714 3358 Ι
1727 3278 1844 3343 Biblio-

469 3389 572 3455 thecis
594 3390 686 3454 simul
709 3389 794 3455 edita
817 3384 851 3458 ἃ
873 3393 975 3454 aucta.
989 3392 1002 3470 Ι
1013 3388 1064 3453 Ad
1087 3389 1160 3453 haec
1181 3387 1311 3452 Antonii
1334 3385 1505 3451 Florebelli
1517 3389 1529 3466 Ι
1542 3385 1730 3449 Mutinensis
1760 3384 1844 3450 Ora-

469 3495 573 3561 tiones
596 3495 655 3559 lll.
668 3498 681 3576 Ι
693 3495 816 3561 Seriem
838 3498 1005 3579 sequentes
1020 3495 1117 3558 vitam
1128 3496 1142 3573 Ι
1150 3493 1274 3579 paginae
1297 3491 1457 3558 exhibent.
1472 3490 1544 3573 (sic)
1556 3495 1569 3571 Ι
1582 3487 1656 3575 (inc.
1677 3491 1713 3554 ia
1736 3491 1844 3576 cepae:

469 3601 525 3687 fip.
541 3599 578 3666 di
591 3619 692 3666 aomo
707 3619 748 3665 sa
763 3619 859 3666 cerco
883 3600 982 3675 alato,
999 3595 1189 3666 oll'intomo
1206 3603 1338 3683 puuttro
1356 3597 1454 3680 palti,
1478 3615 1545 3662 uno
1568 3596 1623 3661 dei
1645 3595 1738 3680 quoii
1761 3594 1845 3660 tene

471 3705 506 3772 la
526 3705 654 3772 cottia:
679 3705 823 3792 rsnrvs)
854 3706 1094 3790 Moguntiae‚
1114 3706 1128 3784 Ι
1147 3704 1198 3769 Ex
1226 3702 1362 3770 Officina
1392 3702 1636 3788 Typographica
1665 3699 1844 3765 Balthasari

469 3810 628 3898 Lippij,
640 3814 655 3893 Ι
667 3811 846 3897 sumptibus
869 3812 955 3877 lonae
979 3810 1146 3875 Rhodii.
1160 3813 1174 3890 Ι
1186 3811 1280 3875 Anno
1303 3809 1426 3873 Domini
1449 3826 1658 3874 mooun.»

523 3932 552 3986 ln
570 3934 596 3986 8.

522 4038 589 4108 Lag.
608 4039 636 4093 in
655 4038 728 4111 pelle
746 4039 826 4094 suino
843 4054 894 4094 con
912 4039 1034 4108 impress.
1053 4041 1139 4092 contr.
1160 4036 1186 4090 S.
1205 4035 1250 4091 nel
1267 4035 1319 4090 Dr.
1339 4052 1354 4091 e
1373 4035 1418 4090 nel
1436 4033 1471 4090 R

323 4193 403 4268 434.
428 4197 580 4268 Persius
595 4198 719 4287 (Aulus)
735 4200 878 4265 Flaccus.
895 4235 938 4248 —
955 4219 973 4263 ‹
989 4199 1063 4265 Auli
1075 4205 1088 4281 Ι
1101 4198 1205 4262 Persii
1220 4197 1328 4263 Flacci
1339 4200 1353 4277 Ι
1365 4197 1500 4282 Satyrae
1522 4214 1582 4261 sex
1593 4198 1607 4276 Ι
1619 4213 1639 4258 a
1650 4198 1664 4276 Ι
1675 4193 1845 4259 Nicodemo

469 4305 650 4371 Frischlino
672 4305 851 4371 Alemanno
863 4309 876 4387 Ι
889 4324 930 4370 ex
953 4305 1109 4370 vetustiss.
1135 4301 1258 4369 Codicis
1281 4300 1342 4367 fide
1366 4301 1560 4385 Paraphrasi
1572 4300 1758 4383 [luculenta
1773 4299 1846 4364 illu-

468 4416 593 4477 stratae:
611 4415 625 4493 Ι
636 4411 803 4478 Valentini
832 4412 973 4496 insuper,
1005 4410 1123 4482 Volsci,
1155 4409 1315 4493 Egentini,
1340 4403 1399 4488 &l
1414 4406 1579 4490 Foquelini
1603 4405 1846 4491 Commentarijs

469 4518 636 4603 explicatae
649 4521 661 4598 Ι
674 4518 752 4583 (lum
774 4519 878 4602 gratia
902 4513 936 4585 ἃ
957 4517 1124 4602 priuilegio
1147 4515 1177 4581 S.
1196 4515 1273 4581 Gaes.
1290 4514 1412 4579 Maiest.
1427 4516 1439 4593 Ι
1453 4511 1528 4596 (ine.
1552 4513 1589 4577 in
1611 4514 1720 4599 lepao:
1735 4513 1790 4599 fiy.
1810 4510 1847 4576 di

469 4624 585 4692 donna
602 4628 761 4707 portante
783 4624 869 4690 oolla
884 4623 997 4688 clastra
1010 4642 1082 4687 aaa
1097 4621 1259 4704 lampado
1281 4640 1299 4685 c
1321 4639 1383 4686 coa
1399 4621 1434 4684 lo
1448 4620 1586 4686 maistre
1607 4615 1753 4705 ua'asta)
1769 4617 1846 4681 Ba-

468 4730 619 4796 sileae:
643 4729 694 4795 Ad
717 4730 876 4794 Perneam
899 4728 1077 4814 Lecythum
1099 4745 1325 4793 mossur.»

522 4850 554 4906 ln
571 4851 597 4906 a

522 4957 589 5029 Leg.
607 4957 637 5012 in
655 4957 728 5028 pelle
744 4957 832 5013 suine.
851 4986 884 5000 -
902 4955 955 5012 Nel
972 4956 1024 5012 Dr.
1043 4973 1058 5012 e
1076 4956 1123 5011 nel
1139 4954 1175 5011 R
1194 4959 1228 5010 st.
1247 4957 1333 5011 centr.
1352 4954 1429 5009 RB.
