4366 6052
1216 399 1392 466 -12-

657 561 658 564 ’
689 546 849 631 ipressiol
862 542 912 608 die
927 548 1001 608 ante
1017 542 1172 610 Nouebris
1187 542 1263 609 Gale
1275 546 1288 623 Ι
1300 542 1355 608 das
1371 544 1510 629 septima.
1528 544 1647 625 Annos
1660 562 1680 608 a
1700 542 1880 629 verbiparae
1895 544 1948 610 vir
1958 547 1973 626 Ι
1984 563 2069 630 ginis

689 669 750 738 par
761 656 775 732 Ι
786 655 844 733 tul
860 649 953 717 1520.
973 671 991 715 ›

741 771 804 827 Vol
822 771 874 828 dns
891 772 921 826 in
939 788 1002 839 nno,
1014 771 1044 826 in
1055 771 1111 838 solu
1124 771 1178 827 vol.
1194 771 1204 825 l
1220 773 1239 826 f.
1252 772 1299 841 (6),
1312 787 1408 838 secem
1423 771 1477 828 vol.
1489 773 1509 827 2
1522 774 1540 827 f.
1554 787 1680 841 oeemr,
1694 773 1722 843 (6
1733 790 1750 829 e
1761 772 1779 828 3
1790 772 1923 844 bimuli).
1935 801 1970 816 -
1983 773 2071 828 Fron·

690 879 803 950 tespizio
820 880 953 947 interisio,
966 895 1017 934 eon
1031 880 1120 949 ligure
1138 879 1224 933 incise
1235 879 1265 932 in
1276 878 1367 949 legno.
1379 878 1478 941 Quella
1489 880 1518 934 in
1530 879 1596 945 alio,
1609 895 1660 935 eon
1672 879 1701 935 la
1712 881 1810 936 scritta
1820 893 1839 936 ‹
1850 884 1893 936 ius
1904 882 2032 936 ἀίνὺιωι
2044 896 2069 946 ),

690 985 783 1056 quella
799 1002 817 1040 e
834 985 926 1041 desti-a
943 989 1015 1041 ‹isu
1033 987 1115 1040 civile
1126 1001 1152 1051 a,
1170 984 1261 1056 quella
1279 1002 1296 1039 a
1314 986 1424 1040 sinistra
1441 991 1514 1041 «iau
1533 990 1693 1042 amonim
1704 1003 1729 1045 a.
1742 985 1825 1043 Nolle
1841 990 1920 1058 perte
1937 986 2069 1042 inferiore

689 1091 743 1147 dne
760 1093 847 1162 ligure
866 1090 917 1146 ehe
934 1106 1101 1161 mrrsggono
1113 1106 1169 1145 una
1184 1091 1270 1146 fascia
1287 1091 1316 1145 in
1335 1091 1379 1146 eui
1392 1088 1408 1146 δ
1420 1092 1516 1147 scritto
1533 1092 1719 1148 «resculas
1737 1094 1842 1164 mplee
1859 1092 1974 1164 difficile
1991 1109 2071 1147 rum·

686 1200 773 1270 pilur.
792 1197 981 1254 Ecclesiam.
999 1198 1059 1256 4.»

742 1305 808 1375 Leg.
826 1306 855 1359 in
873 1306 945 1377 pelle
963 1305 992 1359 di
1009 1305 1105 1360 vitello
1120 1321 1171 1359 con
1182 1304 1271 1374 fregio
1283 1305 1316 1359 ed
1328 1306 1417 1360 ornati
1430 1305 1545 1360 centrali
1558 1322 1575 1359 a
1587 1305 1711 1362 rubesclii
1724 1307 1847 1377 impressi
1859 1307 1889 1360 in
1900 1322 1958 1362 oro.
1971 1305 2071 1376 Taglio

691 1412 826 1468 aueceie
844 1413 939 1467 inore
957 1412 1135 1483 punteggiate
1153 1430 1186 1466 su
1203 1412 1283 1467 fondo
1301 1411 1395 1466 ehiaro
1413 1415 1553 1480 spruzzato
1570 1412 1597 1465 di
1616 1428 1700 1467 rosso.

544 1605 599 1679 83.
621 1606 768 1694 Hopper
790 1609 978 1675 lonchimus.
1009 1644 1053 1659 -
1083 1608 1334 1690 ‹Seduardnal
1346 1609 1413 1674 sive
1443 1608 1483 1674 de
1507 1628 1587 1674 vera
1608 1608 1881 1695 iurisprudential
1893 1609 1935 1676 ad
1958 1628 2071 1695 regem

691 1715 765 1781 libri
788 1716 854 1781 XII
866 1719 880 1794 Ι
894 1713 976 1802 (ete.)
990 1716 1078 1801 Opus
1103 1716 1254 1782 [oachimi
1279 1716 1421 1802 Hopperi
1445 1716 1540 1781 Frisii
1563 1716 1584 1781 f.
1610 1716 1643 1782 G.
1661 1718 1817 1801 equestris
1839 1716 1986 1797 ordinis!
1997 1716 2070 1787 vin

692 1841 803 1890 rerum
833 1822 938 1888 Staius
962 1822 1152 1888 Germaniae
1183 1822 1344 1888 inferioris
1374 1821 1457 1909 apud
1480 1821 1660 1908 Philippum
1672 1825 1686 1903 Ι
1699 1822 1925 1910 Hispaniarum
1948 1823 2071 1909 Regem

694 1927 851 2013 quondam
874 1928 1051 2016 Consiliarij
1076 1925 1111 1997 δι
1133 1930 1239 2015 magni
1263 1930 1330 1994 eius
1353 1929 1448 2015 sigilli
1471 1929 1661 2014 praefecti.)
1673 1928 1824 1996 Adiectus
1853 1936 1902 1996 est
1931 1927 2073 1996 eiusdem

693 2036 832 2101 auctoris
862 2036 908 2101 De
937 2035 1145 2100 instructione
1176 2035 1280 2117 Prin!
1294 2036 1372 2121 cipis
1400 2034 1483 2101 liber
1512 2035 1691 2122 singularis.
1705 2040 1719 2117 Ι
1730 2032 1814 2122 (Ine.
1846 2036 1962 2125 tepeo:
1999 2034 2072 2102 Una

693 2159 796 2209 mane
811 2142 866 2208 nel
881 2160 997 2207 mezzo
1013 2139 1072 2207 eie
1087 2141 1172 2208 tiene
1185 2161 1235 2207 un
1249 2160 1422 2226 compasso
1438 2142 1488 2209 ool
1503 2143 1603 2227 paule
1617 2141 1766 2208 dormine
1779 2162 1829 2208 un
1844 2143 1976 2210 eireolo.
2000 2140 2072 2208 Una

693 2245 803 2330 suecia
818 2267 880 2314 con
896 2248 929 2312 la
947 2246 1110 2333 appende
1124 2265 1252 2313 panorm
1275 2267 1317 2313 nr
1342 2266 1563 2323 censurium
1579 2248 1614 2312 ai
1630 2248 1689 2313 lati
1704 2248 1734 2313 le
1748 2249 1857 2335 mure
1871 2246 2072 2335 allepmacue

665 2361 667 2365 ’
694 2353 749 2419 del
770 2353 1040 2420 Lavoroedelia
1061 2352 1239 2442 Comama)
1262 2354 1610 2440 Antuerpiae‚lin
1632 2352 1758 2420 officina
1780 2354 2071 2440 plantiniana]

694 2457 787 2545 Apud
809 2457 956 2532 Viduam,
980 2464 1014 2525 et
1035 2460 1188 2525 loannem
1210 2461 1676 2541 Moretumlem.1s.xc.›

748 2579 778 2634 ln
795 2579 842 2634 fol.
861 2595 923 2650 pag.
941 2580 1006 2650 (12),
1025 2579 1085 2648 343,
1103 2581 1151 2650 (9).
1170 2611 1204 2625 -
1223 2581 1299 2652 Depo
1316 2582 1344 2637 la
1362 2598 1424 2652 pag.
1443 2581 1496 2637 354
1513 2582 1704 2637 un'ineisiene.

748 2684 815 2756 Leg.
833 2687 861 2740 in
880 2686 953 2758 pelle
970 2688 1057 2742 mina
1075 2717 1109 2730 -
1128 2688 1180 2744 Nel
1199 2687 1251 2744 Dr.
1271 2706 1286 2745 e
1304 2688 1349 2744 nel
1367 2688 1404 2746 B.
1423 2688 1581 2760 stampiglia
1598 2688 1629 2744 P.

549 2880 607 2953 84
629 2878 878 2969 Villegagnon
908 2883 1064 2950 Nicolaus.
1095 2921 1138 2935 -
1169 2886 1250 2951 ‹De
1262 2890 1276 2967 Ι
1289 2886 1475 2966 Consecral
1486 2888 1581 2960 tione,
1594 2888 1728 2975 mystico
1752 2889 1813 2968 sal
1825 2884 1957 2960 orificio,
1974 2890 2007 2952 et
2017 2884 2072 2951 tlu-

696 2988 771 3076 pliei
783 2992 796 3070 Ι
809 2989 927 3056 Christi
949 2989 1107 3057 oblatione
1129 2990 1282 3058 aduersus
1305 2993 1490 3073 Vanniums
1500 2992 1754 3080 Lutherologiae
1775 2993 2073 3079 professorem!-

697 3097 744 3162 De
765 3095 880 3161 iudaici
903 3096 1062 3182 paschatis
1074 3100 1087 3178 Ι
1099 3098 1302 3184 implemento
1317 3098 1471 3165 aduersus
1494 3099 1724 3186 Caluinologns.
1738 3099 1865 3182 l-De
1875 3098 1990 3186 poeiilo
2001 3117 2073 3164 san·

699 3201 803 3287 guinis
826 3201 1037 3289 Christilele.)
1061 3204 1191 3269 Nieolao
1213 3204 1457 3291 Villagagnone,
1471 3207 1484 3285 Ι
1499 3207 1602 3288 equite
1625 3205 1796 3271 Mellitensi
1819 3204 1933 3284 Fran!
1945 3223 1993 3279 eo,
2017 3223 2073 3270 an-

699 3307 801 3373 thore.
819 3305 1178 3394 (etei-Lutetiae,
1192 3309 1310 3396 sApud
1332 3310 1550 3377 Sebastianum
1573 3311 1816 3385 Niuellium‚
1840 3312 1872 3377 in
1897 3311 1951 3376 via
1962 3313 1976 3391 Ι
1991 3312 2076 3376 laen

698 3413 776 3489 baea,
801 3412 858 3480 sub
882 3415 1051 3496 ciconiis!
1067 3416 1160 3482 1569.
1178 3414 1262 3503 (ete.)
1279 3437 1308 3482 ›.

752 3535 782 3590 ln
800 3537 825 3591 8.
844 3538 882 3593 Le
901 3553 962 3608 pag.
981 3554 1047 3592 sono
1070 3538 1248 3594 inconnieiate
1272 3555 1323 3593 con
1347 3538 1420 3594 linae
1444 3543 1579 3610 stampato
1596 3539 1625 3592 in
1643 3538 1735 3594 eolors
1757 3543 1831 3594 terra
1848 3537 1876 3592 ‹li
1895 3537 1986 3594 siena
2005 3539 2076 3610 ugni

700 3641 761 3713 riga
777 3641 822 3698 del
839 3642 1014 3714 nontupizio
1032 3642 1048 3698 ὁ
1065 3643 1151 3699 divisa
1168 3644 1241 3700 dalle
1260 3645 1330 3701 altre
1348 3661 1398 3699 eon
1416 3662 1472 3700 una
1490 3644 1579 3700 simile
1598 3643 1682 3700 linea

753 3748 819 3818 Lag.
837 3749 866 3803 in
884 3765 1056 3820 pergamena.

553 3939 608 4012 35.
629 3940 850 4013 Hammsston
866 3945 997 4012 Archib.
1010 3981 1054 3996 -
1067 3965 1085 4010 ‹
1098 3946 1291 4013 calvinianae
1302 3952 1315 4029 Ι
1329 3948 1522 4013 confusionis
1533 3947 1572 4013 de
1584 3950 1598 4029 Ι
1609 3946 1805 4019 monstratio,
1818 3942 1904 4032 (dc.)
1912 3949 1927 4028 Ι
1936 3946 2004 4012 Per
2015 3947 2078 4012 Ar·

701 4049 880 4116 ehibaldum
907 4052 1165 4119 Hammilionium
1188 4051 1270 4140 (ete.)
1301 4049 1369 4140 ΙΙΙ.
1394 4054 1491 4140 ailep.
1516 4053 1650 4136 samm:
1673 4070 1859 4120 consonum
1881 4070 1937 4118 vis
1960 4071 2080 4119 ursam

702 4174 806 4224 vmer.
831 4176 849 4224 e
870 4157 895 4223 il
917 4176 1069 4246 monopr.
1086 4157 1172 4225 dello
1194 4164 1398 4243 swmpetere
1428 4165 1595 4243 compesco
1618 4160 1703 4226 delle
1725 4159 1856 4225 inieiali
1877 4155 1921 4233 N.
1944 4155 2081 4227 enee

701 4268 922 4348 merapposte
934 4284 1006 4330 una
1021 4283 1116 4332 crece
1131 4285 1193 4333 eon
1212 4266 1341 4350 triplice
1355 4270 1430 4332 asta
1445 4263 1619 4353 emerent.)
1636 4266 1861 4347 Parisiis‚l
1877 4264 1972 4351 Apud
1985 4265 2080 4331 Nice-

703 4367 789 4434 laum
810 4369 1014 4445 chasnen,
1041 4372 1094 4437 via
1125 4370 1372 4453 lacoboealsub
1395 4371 1524 4448 Quereu
1553 4371 1655 4437 viridi.
1668 4370 2078 4459 lu.n.nxm.(ete.)›

756 4490 830 4545 1124.

755 4595 822 4666 Lag.
840 4597 869 4651 in
886 4596 958 4668 pelle
975 4598 1062 4653 suine.
1080 4627 1115 4641 -
1133 4597 1185 4653 Nel
1202 4597 1255 4654 Dr.
1274 4615 1291 4655 e
1308 4599 1354 4655 nel
1371 4599 1408 4657 B.
1426 4600 1504 4670 impr.
1523 4598 1554 4654 P.

556 4787 641 4859 aaa
663 4787 832 4862 Saralius
854 4793 1009 4860 Nicolaus
1027 4827 1069 4843 ·-
1087 4813 1105 4858 ‹
1121 4795 1168 4860 De
1190 4795 1322 4861 Luiheri
1344 4797 1532 4882 magistra!
1544 4800 1579 4862 ut
1591 4796 1691 4881 pessit
1705 4795 1886 4870 monstrari,
1901 4799 1936 4861 ei
1951 4793 2053 4861 dieier
2064 4796 2079 4875 Ι

706 4899 768 4964 Hie
790 4898 915 4980 estlad
937 4899 1136 4966 Luiheranos
1155 4900 1410 4986 praedicantes!
1421 4920 1486 4966 non
1507 4900 1592 4975 belli,
1616 4900 1672 4968 sed
1693 4902 1781 4986 pacis
1803 4903 1890 4988 erge,
1913 4900 1949 4966 in
1970 4902 2079 4974 unius,
