4366 6052
1005 432 1180 500 ..19-

480 588 617 637 narrares
647 590 880 640 nonmaarrva
909 574 1034 660 usurus)
1062 574 1359 660 ingolstadii.)
1370 595 1413 640 ex
1440 575 1654 663 typographia
1682 576 1854 661 Adalmi

372 685 374 689 '
481 675 679 744 Sertorii.
692 682 706 760 Ι
717 680 812 744 Anno
835 680 959 745 Domini
980 698 1178 747 umorv.»

534 799 565 854 In
582 800 600 853 4
618 800 686 870 picc.

532 904 600 976 Leg.
618 906 647 961 in
665 907 737 978 polle
755 908 842 962 anina.
861 936 894 950 -
912 907 992 979 Impr.
1011 911 1096 963 contr.
1116 909 1142 962 S.

331 1096 386 1168 68
408 1096 611 1171 Rouerious
639 1104 835 1170 Emmanuel.
867 1140 911 1155 -
941 1105 1069 1170 ‹Nova
1080 1106 1095 1185 Ι
1107 1104 1257 1171 collectio
1287 1109 1319 1170 et
1330 1108 1344 1185 Ι
1356 1105 1534 1190 compilatio
1562 1107 1688 1191 prim-l
1698 1106 1855 1195 legiorum

480 1209 679 1293 apostolicos
691 1231 762 1276 rum
788 1211 985 1297 regulariuun
1010 1210 1193 1276 mendican-
1205 1215 1218 1292 Ι
1230 1213 1307 1276 tium
1335 1209 1417 1298 (εἰσ.)
1444 1210 1527 1277 edita
1552 1230 1573 1277 a
1597 1212 1701 1278 fratre
1727 1214 1855 1280 Emma-

479 1314 574 1380 nuele
590 1315 748 1382 Roderico
756 1322 770 1399 Ι
779 1314 861 1405 (εἰσ.)
873 1351 917 1366 -
929 1318 1150 1398 Turnoni.l
1159 1317 1338 1402 Sumptibus
1354 1318 1479 1383 Horatii
1495 1317 1671 1384 cardon.
1681 1324 1695 1400 Ι
1704 1339 1852 1388 u.oc1x.

480 1438 552 1485 cnm
576 1417 658 1508 (εἰσ.)
674 1443 693 1487 ›

531 1541 562 1597 In
579 1543 627 1598 fol.

532 1649 599 1720 Leg.
617 1651 647 1705 in
664 1651 737 1722 pelle
754 1653 841 1707 ruina
860 1680 893 1694 -
912 1650 965 1706 Nel
982 1649 1035 1707 Dr.
1053 1667 1069 1707 e
1087 1650 1134 1706 nel
1150 1649 1187 1707 B.
1205 1651 1284 1722 impr.
1302 1656 1387 1707 contr.
1409 1652 1439 1706 O.

329 1841 384 1913 69.
406 1842 620 1930 Azpilouem
641 1849 807 1914 Martinus.
824 1884 868 1899 -
888 1850 1053 1914 «Martini
1074 1848 1278 1935 Arpilcuetae
1289 1852 1302 1929 Ι
1314 1848 1452 1913 doctoris
1473 1850 1613 1923 navarri,
1627 1853 1641 1930 Ι
1654 1851 1854 1919 iurisconsul-

479 1957 584 2018 torum
614 1958 769 2035 nostrast
780 1957 892 2021 aetatis
922 1954 1105 2025 clarissimi,
1136 1960 1169 2019 et
1197 1956 1476 2040 perspicacissimi,
1489 1960 1502 2034 Ι
1515 1952 1597 2042 (εἰσ.)
1626 1955 1759 2042 Opera!
1770 1955 1853 2046 (εἰσ.)

480 2057 685 2144 Lugduni,
702 2064 715 2141 Ι
732 2059 905 2147 sumptibus
935 2062 1063 2126 loannis
1093 2061 1254 2146 Baptistae
1284 2062 1473 2146 Buysson
1488 2062 1502 2140 Ι
1517 2081 1543 2127 u
1559 2080 1581 2126 o
1598 2110 1605 2125 .
1622 2080 1782 2129 nourr.»
1810 2061 1854 2150 (ll

482 2169 569 2232 tomo
592 2167 649 2231 II:
672 2186 698 2232 u
714 2185 736 2231 o
753 2216 759 2230 .
776 2164 897 2253 xcnn).

531 2286 562 2340 ln
579 2287 626 2342 sol.
646 2288 698 2344 due
716 2289 783 2342 tomi
802 2288 830 2342 in
849 2306 886 2342 un
904 2286 958 2343 vol.

530 2390 597 2462 Leg.
615 2394 644 2448 in
662 2393 734 2465 pelle
752 2395 838 2449 onina.
857 2423 891 2437 -
909 2393 989 2464 impr.
1008 2399 1092 2449 centr.
1113 2395 1140 2448 S.

329 2584 384 2655 20.
407 2582 557 2658 Coooim
571 2589 713 2655 Iodocus.
726 2625 770 2640 -
783 2609 801 2654 ε
814 2589 995 2656 Thesaurus
1008 2592 1022 2670 Ι
1033 2591 1216 2664 catholicus,
1230 2594 1243 2671 Ι
1255 2592 1287 2655 in
1303 2595 1388 2675 quos
1402 2593 1637 2657 controversiae
1649 2589 1730 2666 fidei,
1743 2596 1757 2674 Ι
1770 2591 1852 2681 (εἰσ.)

479 2695 713 2762 Alteucrendo
725 2697 981 2781 Doctissimbque.
994 2697 1029 2761 D.
1044 2697 1158 2762 lodoco
1174 2697 1287 2763 coccio
1299 2695 1523 2770 Bileueldiano,
1534 2703 1546 2777 Ι
1555 2695 1638 2786 (εἰσ.)
1655 2697 1853 2766 Coloniae
1997 2761 2000 2764 .

478 2803 530 2868 Er
552 2801 678 2868 officina
699 2803 930 2890 typographica
952 2801 1086 2868 Arnoldi
1110 2803 1340 2878 Quentelii.
1353 2807 1366 2885 Ι
1378 2803 1473 2868 Anno
1492 2804 1614 2869 Domini
1638 2810 1744 2873 ff.
1755 2808 1770 2886 Ι
1781 2825 1853 2871 cum

478 2910 582 2993 maiia
605 2906 687 2996 (εἰσ.)
700 2912 754 2992 Ι».

513 3029 571 3087 Due
589 3031 655 3086 vclL
673 3032 702 3086 in
721 3032 767 3087 fol.

530 3135 596 3207 Leg.
614 3138 644 3192 in
661 3136 734 3209 pelle
752 3139 838 3194 suine.
856 3167 890 3181 -
909 3137 962 3194 Nol
978 3136 1031 3193 Dr.
1051 3137 1130 3193 enel
1148 3136 1184 3194 R.
1203 3137 1281 3208 impr.
1300 3141 1385 3193 contr.
1404 3138 1478 3192 B.B.

326 3328 376 3400 71.
398 3328 585 3401 Poetelius
607 3332 741 3423 (Postel)
764 3335 948 3402 Gulielmus.
979 3370 1023 3385 -
1053 3335 1138 3400 «De
1167 3332 1254 3400 orbis
1282 3336 1360 3414 terl
1375 3354 1432 3400 rae
1462 3332 1632 3400 concordia
1657 3332 1744 3400 Libri
1755 3340 1769 3417 Ι
1781 3355 1853 3420 qua·

476 3443 586 3520 tuom!
597 3441 750 3527 multiuga
772 3441 974 3522 eruditiones
986 3461 1024 3507 ac
1046 3442 1161 3526 pietate
1192 3440 1314 3514 referti,
1339 3438 1422 3526 (εἰσ.)
1446 3440 1601 3506 Gulielmo
1625 3440 1765 3506 Postello
1788 3443 1851 3507 Ba·

478 3564 537 3609 ren
545 3549 559 3625 Ι
566 3548 652 3611 tonio
667 3548 893 3614 mathematum
908 3549 941 3612 in
955 3547 1053 3613 acade
1064 3551 1077 3626 Ι
1090 3549 1153 3611 mia
1168 3547 1336 3612 Lutatiana
1350 3546 1531 3632 professore
1547 3547 1644 3631 regio,
1657 3550 1672 3628 Ι
1683 3546 1850 3629 authore!

477 3650 628 3718 Adiectae
650 3659 724 3719 sunt
745 3673 843 3738 quoq;
867 3655 1096 3720 Annotationes
1118 3655 1151 3717 in
1173 3654 1318 3739 margine
1341 3650 1423 3739 (εἰσ.)
1447 3688 1490 3702 -
1513 3652 1591 3718 (lum
1613 3651 1702 3718 Caes.
1726 3653 1849 3720 Maiest.

479 3753 514 3825 a
536 3758 746 3825 Christianiss.
771 3761 946 3826 Galliarum
968 3763 1030 3841 rel
1043 3761 1091 3845 gis
1113 3759 1288 3845 priuilegiis
1310 3759 1350 3823 ad
1373 3759 1664 3843 quinquennium.»

529 3878 669 3934 lutoldi
688 3898 750 3951 pag.
769 3882 816 3951 (8),
835 3882 896 3936 448.
915 3911 948 3924 -
967 3881 1053 3936 Senza
1077 3886 1142 3935 nota
1166 3882 1265 3951 tipogr.
1284 3897 1329 3935 ma
1353 3885 1489 3950 stampato
1513 3897 1530 3934 a
1551 3879 1659 3935 basilea
1682 3879 1717 3933 da
1734 3879 1853 3950 Oporino

476 3984 521 4041 nel
542 3984 609 4040 1544
627 3986 671 4055 (V.
690 3986 813 4055 Graesse,
831 3986 886 4042 vol.
906 3987 938 4054 V,
956 4003 1018 4058 pag.
1036 3986 1108 4057 423).

528 4091 594 4163 Leg.
612 4094 641 4148 in
659 4110 750 4150 menna
767 4094 840 4166 pelle
857 4095 937 4149 snina
955 4110 1005 4150 con
1023 4095 1094 4165 fregi
1111 4094 1245 4166 impressi.

323 4283 408 4354 rra.
433 4283 597 4358 Guneus
618 4292 805 4357 loachimus.
822 4326 865 4340 -
882 4311 900 4354 c
917 4292 1027 4358 Gentis
1043 4291 1172 4356 Silesiae
1185 4295 1198 4370 Ι
1209 4291 1352 4356 Annales
1363 4294 1376 4370 Ι
1389 4289 1634 4375 complectentes
1649 4289 1732 4354 histo
1744 4293 1758 4371 Ι
1769 4289 1850 4354 riam

476 4393 516 4459 de
545 4398 677 4482 origine,
705 4400 931 4484 propagatione
960 4404 992 4463 et
1020 4397 1259 4483 migrationibus
1270 4399 1284 4476 Ι
1295 4397 1398 4482 gentis
1421 4391 1456 4463 aa
1478 4395 1697 4460 recitationem
1726 4394 1851 4480 praeci·

475 4520 608 4585 puorum
632 4508 810 4577 euentuum,
836 4505 888 4589 qui
910 4505 943 4568 in
966 4503 1063 4569 Eccle
1074 4507 1088 4585 Ι
1100 4504 1147 4568 sia
1162 4508 1194 4567 et
1209 4500 1384 4586 Republica
1405 4519 1480 4585 usq;
1503 4499 1544 4564 ad
1566 4519 1678 4566 necem
1699 4498 1850 4566 Ludovici

476 4607 550 4672 Hun
563 4611 577 4688 Ι
588 4611 698 4695 gariae
728 4606 763 4678 lla
792 4610 963 4675 Bohemiae
992 4610 1079 4694 regis
1110 4607 1303 4674 acciderunt.
1317 4612 1330 4688 Ι
1343 4607 1484 4672 contexti
1495 4611 1509 4688 Ι
1521 4603 1604 4692 (εἰσ.)
1632 4608 1677 4685 al
1690 4605 1850 4672 loachimo

475 4712 578 4780 (lurco
600 4715 825 4782 Freistadiensi
837 4717 850 4794 Ι
861 4715 1047 4801 philosopho
1077 4719 1109 4780 et
1137 4713 1258 4779 medico
1288 4714 1321 4777 in
1348 4712 1493 4798 inclytas
1505 4710 1585 4777 urbe
1608 4711 1848 4798 Glogouiensi.l

474 4815 550 4904 (inc.
565 4840 684 4905 rappr.
700 4822 812 4888 David
828 4827 909 4889 uoto
930 4839 990 4903 re;
1011 4825 1093 4888 sotto
1116 4816 1135 4885 ἰ
1155 4839 1226 4885 aaa
1248 4819 1336 4902 cisra
1359 4822 1529 4902 composta
1550 4818 1586 4883 di
1607 4837 1680 4884 unc
1702 4818 1729 4885 S
1750 4821 1851 4884 altro

473 4932 607 4995 εενσεία
629 4927 675 4994 da
696 4947 768 4993 una
789 4926 928 5016 freceia)
944 4926 1022 4993 Gum
1038 4926 1211 5011 Priuilegio
1234 4925 1390 4992 Caesareo
1405 4925 1595 5010 amplissimo
1610 4923 1652 4990 ad
1665 4942 1766 4990 annos
1780 4924 1822 4988 X.
1835 4925 1849 5002 Ι
