4366 6052
985 432 1184 499 -200..

474 576 615 642 Politicis
638 576 713 640 Tra·
726 572 737 660 Ι
750 581 862 650 ctatus,
886 581 1022 660 quatuor
1044 574 1208 641 distinctus
1231 575 1344 641 Libris:
1360 573 1372 662 Ι
1385 577 1423 640 ln
1446 575 1558 660 quibus
1572 594 1638 641 non
1653 575 1756 641 solum
1769 575 1851 665 (etc.)

473 683 561 768 Opus
572 681 738 748 admodum
750 683 828 748 utile
839 681 978 754 medicis,
991 683 1129 767 aegrotis,
1139 678 1223 768 (etc.)
1236 681 1336 761 tGum
1347 681 1464 768 duplici
1478 682 1592 755 indice,
1605 701 1669 748 uno
1677 683 1824 768 capitum:
1837 688 1850 765 Ι

472 788 573 853 altero
596 807 704 853 rerum
734 789 1004 873 praecipuarum.)
1016 783 1092 872 (iac.
1124 786 1160 851 in
1183 786 1297 872 tegno:
1318 788 1432 873 figura
1457 785 1494 852 cli
1515 805 1615 855 aomo
1646 787 1706 854 che
1730 788 1850 871 pionte

470 914 520 959 on
534 893 661 977 albeum
675 899 758 961 sotto
771 892 824 960 dil
834 900 947 962 mutto:
959 892 1190 978 pessumum)
1202 894 1356 959 Annooro
1366 943 1373 956 .
1383 912 1415 959 ιο
1426 943 1432 956 .
1443 911 1461 958 o
1471 942 1477 957 .
1486 912 1558 961 xiv.
1568 899 1581 974 Ι
1591 894 1620 959 H
1630 894 1826 980 amburgi,
1834 901 1849 977 Ι

471 1000 523 1065 Ex
546 999 732 1085 Bibliopolio
755 999 1063 1065 Frobeniano.›

524 1120 554 1175 ln
573 1121 598 1175 4.

524 1227 590 1297 Leg.
608 1228 638 1282 in
656 1227 728 1297 pelle
746 1229 833 1282 suina.
851 1256 885 1270 -
904 1228 1027 1298 Impress.
1046 1233 1131 1282 centu.
1153 1228 1182 1287 Q.
1200 1226 1247 1282 nel
1265 1226 1317 1281 Dr.
1337 1243 1352 1283 e
1369 1227 1416 1283 uel
1433 1226 1469 1282 Β.

322 1403 401 1476 832.
423 1405 584 1476 Pitiscus
613 1405 886 1473 Bartholomaeus.
909 1442 953 1456 -
977 1427 995 1468 ‹
1020 1406 1245 1472 Bartholomaei
1258 1412 1270 1488 Ι
1283 1406 1393 1471 Pitisci
1417 1406 1821 1494 GmmbergensislSilesij.
1832 1404 1843 1492 Ι

473 1515 735 1601 Trigonometriae
746 1516 762 1596 l
773 1514 856 1586 Sive,
871 1519 883 1595 Ι
896 1515 941 1579 De
964 1513 1158 1579 dimensione
1181 1513 1426 1600 Triangulorum
1438 1512 1451 1600 Ι
1463 1513 1551 1578 Libri
1574 1513 1730 1598 Quinque,
1751 1517 1843 1595 item]

473 1619 710 1685 Problematum
739 1619 878 1683 variord.
892 1620 905 1699 Ι
917 1638 1032 1704 nempe
1047 1615 1059 1705 Ι
1076 1617 1336 1690 Geodaeticorum,
1353 1620 1368 1702 Ι
1383 1618 1665 1691 Altimetricorum
1682 1620 1843 1706 [Geogra-

472 1725 647 1811 phicorum,
660 1730 673 1807 Ι
689 1725 964 1799 Gnomonicorum,
982 1730 1014 1790 et
1025 1729 1038 1805 Ι
1049 1726 1352 1791 Astronomicorum:
1365 1728 1378 1805 Ι
1391 1724 1478 1790 libri
1494 1724 1610 1790 Decem
1622 1722 1635 1812 Ι
1648 1725 1842 1811 Trigonome

471 1835 543 1898 triae
567 1832 733 1906 subiuncti,
747 1832 810 1913 tad
841 1852 932 1898 usum
961 1834 1029 1898 eius
1060 1832 1601 1918 demon-fetrandum.lAugust.
1633 1832 1820 1898 Vindeli.
1829 1835 1842 1916 Ι

472 1939 613 2006 Sumbtib
628 1939 700 2025 (ric)
722 1945 754 2006 et
776 1940 907 2025 impons.
932 1939 1075 2004 Dominci
1090 1937 1161 2023 (sic)
1181 1936 1374 2004 custodis
1380 1942 1396 2023 Ι
1403 1937 1632 2024 chalcographi
1647 1956 1788 2005 mue.»

525 2059 554 2113 ln
573 2059 598 2112 4.
616 2058 803 2129 Frontcspizio
821 2058 907 2112 inciso
925 2059 954 2112 in
972 2074 1048 2113 rame
1066 2074 1117 2113 con
1135 2059 1223 2128 figure
1242 2056 1418 2128 allegoricho.
1495 2107 1497 2112 .

524 2164 591 2235 Lag.
609 2165 638 2219 in
656 2164 729 2235 pelle
747 2165 834 2219 suine.
853 2193 886 2206 -
905 2162 1029 2235 lmpress
1049 2168 1134 2220 contr.
1155 2165 1183 2224 Q.
1202 2164 1249 2220 nel
1266 2162 1319 2218 Dr.
1338 2181 1353 2219 e
1371 2165 1404 2219 R.
1423 2163 1469 2219 nel
1486 2163 1522 2220 Β.

323 2340 402 2414 833.
425 2340 588 2414 Bodinm
611 2346 755 2410 Ioannes.
780 2378 824 2392 -
841 2364 859 2406 ‹
875 2344 1052 2410 Universae
1064 2341 1076 2430 Ι
1088 2348 1212 2409 naturae
1226 2343 1395 2410 theatrum.
1410 2342 1422 2429 Ι
1436 2344 1474 2408 In
1490 2362 1550 2428 quo
1565 2362 1676 2409 rerum
1691 2346 1845 2419 omnium!

473 2446 649 2516 effectrices
672 2470 786 2526 causae,
811 2447 845 2519 a
866 2448 947 2518 flues
970 2453 1106 2536 quinque
1117 2449 1233 2535 [libris
1263 2449 1432 2516 discutiunt
1474 2449 1507 2536 ,Ι
1519 2450 1642 2515 Autore
1669 2450 1756 2514 Ioan.
1788 2451 1844 2515 Bo

473 2554 556 2630 dino,
570 2561 583 2638 Ι
599 2556 801 2643 Lugduni.
818 2560 832 2639 Ι
848 2556 941 2643 Apud
972 2557 1121 2622 Iacobum
1151 2557 1348 2629 Roussin,
1366 2559 1379 2637 Ι
1396 2554 1644 2642 Typograpbum
1675 2553 1844 2642 Regium!

472 2683 685 2732 u.n.xcv1.
698 2667 713 2750 Ι
726 2665 804 2732 Cum
826 2666 993 2752 priuilegio
1017 2664 1172 2731 Caesareae
1191 2665 1374 2738 Maiestatis,
1392 2662 1722 2744 &Christianissimis
1737 2665 1847 2732 Gallia·

471 2790 542 2837 rum
566 2770 673 2857 Regis,
697 2770 738 2836 ad
760 2770 996 2837 decennium.»

524 2891 598 2946 1118.

525 2999 591 3070 Lag.
610 2999 729 3071 inpelle
748 3000 834 3055 suine.
853 3028 886 3042 -
905 2999 1029 3071 Impress.
1048 3005 1133 3056 ceutr.
1155 3001 1184 3060 Q.
1203 2998 1249 3055 nel
1268 2997 1320 3054 Dr.
1339 3015 1355 3054 e
1372 2999 1407 3054 Η.
1427 2998 1473 3055 nel
1491 2996 1527 3054 R.

324 3157 406 3229 834.
429 3157 605 3229 Tuncrcdi
627 3161 766 3227 Latinus.
791 3196 834 3210 -
859 3182 877 3224 ‹
901 3162 1006 3227 Latini
1024 3166 1037 3241 Ι
1057 3160 1213 3227 Tancredi
1233 3165 1247 3242 Ι
1267 3161 1468 3228 (lamerotani
1486 3162 1501 3244 Ι
1521 3158 1650 3225 Comitis
1672 3159 1845 3241 Palatini(

472 3268 506 3331 in
536 3267 701 3354 gymnasio
733 3267 965 3353 Neapolitanos
977 3266 1153 3341 Medicinae,
1185 3286 1224 3334 ac
1251 3267 1464 3353 Philosophiae
1495 3264 1693 3331 Professoris
1723 3266 1822 3351 primi,
1834 3271 1846 3346 Ι

472 3374 518 3438 De
541 3373 646 3447 Fame,
664 3380 696 3439 et
717 3374 769 3439 siti
793 3373 846 3439 lib.
871 3374 930 3439 III.
944 3376 957 3454 Ι
970 3374 1126 3459 Physicis,
1143 3392 1182 3437 ac
1197 3373 1329 3439 Medicis
1345 3371 1516 3438 reconditis
1532 3370 1766 3437 controuersiis
1780 3390 1847 3457 par

472 3479 528 3543 tim
550 3480 699 3563 respersi,
723 3476 806 3567 (etc.)
819 3482 833 3560 Ι
845 3479 896 3545 Ad
919 3478 1169 3545 Illustrissimum
1181 3482 1194 3560 Ι
1207 3498 1245 3544 ac
1260 3479 1494 3564 magnanimum
1509 3477 1642 3542 heroem
1657 3477 1694 3542 D.
1708 3477 1746 3542 D.
1762 3478 1846 3542 Ioan-

472 3604 545 3650 nem
575 3585 724 3651 Zunicam
754 3585 999 3669 Requesensem.
1013 3590 1026 3668 Ι
1039 3584 1117 3652 Cum
1146 3584 1262 3671 duplici
1291 3583 1395 3650 indice
1425 3579 1511 3670 (etc.)
1538 3582 1616 3649 Cum
1639 3582 1821 3669 Privilegio.
1833 3586 1845 3663 Ι

474 3691 549 3772 (inc.
573 3691 870 3778 intepueram.
894 3696 1124 3758 uncentauro
1155 3691 1215 3758 che
1242 3691 1336 3758 nella
1364 3689 1479 3756 dcatra
1509 3688 1595 3755 tiene
1623 3708 1674 3753 un
1703 3707 1847 3772 serpae

471 3797 562 3863 natta
583 3797 720 3864 oinhtra
741 3816 790 3863 un
812 3816 907 3880 orco5
929 3816 1033 3881 sopra
1055 3794 1074 3862 d
1094 3797 1119 3863 il
1141 3802 1263 3864 motto:
1286 3813 1424 3863 vmmva
1455 3812 1630 3861 rvuosum
1660 3797 1844 3876 surranum)

471 3903 684 3978 Venetiis‚
709 3903 802 3989 Apud
825 3905 888 3969 Iac.
912 3904 1085 3970 Antonium
1107 3903 1371 3970 Somascbum
1395 3918 1597 3968 mecvm.»

525 4023 555 4080 In
574 4025 599 4079 4.

524 4131 591 4202 Leg.
609 4132 637 4186 in
656 4131 729 4204 pelle
748 4133 835 4187 suina
853 4160 887 4175 -
906 4131 1029 4203 lmpress
1048 4135 1133 4189 centr.
1154 4132 1180 4187 S.
1198 4131 1245 4188 nel
1263 4130 1314 4186 Dr.
1335 4129 1413 4186 euel
1432 4128 1467 4186 R

323 4288 402 4362 835.
423 4289 603 4363 Fuchsius
617 4294 811 4360 leonardus.
824 4328 868 4344 -
885 4295 962 4359 ‹De
978 4294 1159 4379 Componen
1171 4299 1184 4376 Ι
1196 4293 1308 4359 dorum
1329 4294 1450 4359 miscen
1461 4287 1473 4378 Ι
1486 4291 1660 4375 dorumque
1681 4290 1765 4356 medi
1778 4292 1792 4373 Ι
1803 4309 1921 4356 ca..-·

472 4405 650 4466 mentorum
665 4401 747 4466 ratio
755 4404 768 4482 Ι
776 4420 818 4466 ne
829 4400 917 4466 Libri
928 4419 991 4484 qua
998 4404 1011 4482 Ι
1019 4407 1101 4474 tuor,
1115 4401 1183 4465 lam
1197 4418 1312 4465 recens
1328 4399 1483 4485 recogniti
1495 4396 1645 4463 Leonhar
1653 4397 1666 4476 Ι
1674 4401 1707 4463 to
1716 4396 1921 4463 Fuchsi-nu

473 4509 619 4587 autores
631 4508 776 4574 Accessit
798 4508 939 4593 locuples
962 4527 1070 4572 rerum
1093 4505 1179 4593 (etc.)
1203 4505 1305 4572 Index
1327 4502 1403 4593 (inc.
1435 4505 1471 4572 in
1502 4506 1599 4593 legno
1629 4521 1749 4586 rappr.
1781 4518 1916 4568 ura-az

469 4632 570 4680 mono
594 4612 653 4678 obe
676 4614 761 4680 liesca
778 4634 846 4682 uno
862 4618 990 4689 ecettro,
1006 4633 1069 4680 con
1080 4613 1145 4678 due
1167 4612 1356 4680 remoecetli
1370 4630 1389 4678 e
1403 4611 1574 4695 luparolo
1588 4628 1762 4686 wucnuru
1778 4606 1908 4675 l’im·

473 4717 1830 4806 aiemesormaunpiplio)Lugduni,apudAntoniumVinceutiumu.o.uv1.
1866 4734 1893 4777 2

525 4841 555 4894 In
576 4841 616 4909 12,
634 4840 662 4895 u
680 4856 743 4911 pag.
762 4841 828 4910 (aa),
846 4841 907 4895 aio.

525 4945 591 5018 leg.
610 4947 638 5002 in
657 4946 730 5018 pelle
748 4946 774 5001 di
792 4947 903 5003 vitello:
921 4948 1009 5018 taglio
1026 4948 1122 5003 dorato
1140 4948 1280 5018 confregi
1298 4964 1315 5002 a
1332 4945 1466 5003 rabescbi.
