4366 6052
1233 437 1409 504 ..86-

709 582 795 648 dello
822 585 1027 664 steropetore
1056 587 1222 664 comporto
1246 582 1327 648 colle
1350 582 1460 646 lettere
1483 580 1517 655 S,
1541 579 1579 644 N
1599 581 1653 646 cei
1675 577 1694 644 ἑ
1714 599 1870 664 soorapp.
1893 598 1967 646 una
1993 601 2082 649 eroee

704 707 727 752 o
756 688 882 769 doppia
912 693 986 753 aeta
1015 684 1132 773 ortzz.)
1163 685 1485 771 ParisiissApud
1515 685 1733 752 Sebastianum
1767 686 1997 753 Niuellium
2029 689 2081 754 sub

707 793 850 865 Ciconiis,
863 795 876 872 Ι
888 794 920 856 in
944 794 996 858 via
1020 792 1188 872 laeebaeel
1202 792 1295 859 1556.
1314 814 1332 857 »

756 912 786 967 ln
805 913 829 967 4.
848 913 918 982 Ogni
937 930 1019 984 opera
1037 913 1073 968 he
1091 914 1266 984 fronteepizio
1284 915 1402 985 proprio.

757 1020 823 1090 Leg.
841 1020 870 1074 in
888 1021 961 1091 pelle
978 1021 1065 1075 suine.
1085 1049 1118 1063 -
1136 1020 1187 1076 Dr.
1207 1037 1223 1076 e
1241 1019 1277 1076 R
1296 1021 1419 1091 impress.
1438 1025 1523 1075 eentr.
1544 1021 1577 1074 P.

556 1214 661 1285 stoa.
685 1213 846 1286 Perkins
869 1217 1062 1284 Guillelmus.
1087 1254 1130 1268 —
1154 1237 1173 1281 ‹
1193 1219 1471 1304 Myrotheeium:l
1483 1218 1545 1282 hoe
1575 1222 1631 1292 est,
1645 1219 1660 1298 Ι
1670 1218 1716 1282 De
1739 1216 2081 1304 natureldivereisque

704 1343 775 1388 mor
787 1327 800 1404 Ι
810 1325 851 1388 tis
866 1324 1050 1409 generibus:
1064 1329 1078 1406 Ι
1090 1329 1122 1389 et
1133 1329 1146 1405 Ι
1159 1323 1198 1389 de
1213 1325 1336 1389 ratione
1351 1324 1432 1388 bene
1440 1327 1453 1404 Ι
1462 1323 1660 1408 feliciterque
1675 1324 1839 1398 moriendi,
1850 1327 1863 1404 Ι
1876 1326 2057 1392 Tractatus.
2070 1329 2082 1407 Ι

704 1429 845 1495 Auctore
857 1433 871 1510 Ι
883 1430 1048 1496 Guilielmo
1072 1431 1229 1496 Perkinso
1241 1435 1254 1511 Ι
1267 1430 1426 1515 Theologo
1449 1431 1563 1516 Anglo.
1577 1433 1590 1510 Ι
1602 1431 1733 1497 Latinus
1756 1451 1774 1496 e
1797 1432 1929 1518 Belgioo
1951 1432 2081 1513 fectus!

704 1536 798 1616 alli.
822 1538 857 1600 B.
873 1537 1026 1601 Ecclesiae
1042 1537 1189 1622 Belgieae,
1207 1556 1276 1620 quee
1292 1541 1339 1601 est
1355 1537 1509 1601 Hanoviae
1524 1537 1679 1603 Ministro.
1696 1534 1772 1624 (ine.
1787 1537 1826 1603 ie
1840 1539 1939 1624 legno
1960 1559 2077 1623 rappr.

705 1661 776 1707 uua
797 1647 980 1729 monteque
1001 1643 1116 1708 vestito
1137 1643 1173 1708 di
1195 1643 1335 1727 qualche
1357 1643 1534 1728 eespeglie,
1557 1664 1606 1708 un
1634 1644 1767 1710 volatile
1795 1646 1897 1710 nella·
1912 1645 2076 1723 sommitd,

705 1767 793 1814 eun
813 1768 913 1815 ueme
936 1754 1068 1817 armato
1096 1750 1132 1815 di
1157 1750 1267 1832 spado
1299 1750 1358 1816 elie
1391 1754 1481 1814 tenta
1502 1747 1627 1837 satire.)
1640 1753 1652 1830 Ι
1665 1751 1862 1816 Hanoviae
1884 1771 1935 1837 ep.
1957 1752 2083 1819 Guiliel·

706 1875 791 1920 mum
813 1857 1055 1928 Antonium,
1080 1874 1288 1921 lencm.»

757 1977 830 2031 1118.

557 2172 659 2242 377o.
682 2170 841 2241 Perkins
871 2174 1064 2240 Guillelmus.
1095 2210 1138 2224 —
1170 2193 1188 2237 ‹
1212 2176 1403 2256 ΕΥΖΩΙΑεΙ
1414 2175 1475 2239 hoe
1498 2179 1545 2239 est
1556 2179 1570 2256 Ι
1582 2174 1621 2240 de
1650 2175 1731 2240 bene
1760 2175 1942 2260 beateque)
1953 2176 2077 2242 vivendi

706 2282 829 2345 ratione
858 2285 1019 2345 tractatus.
1044 2281 1211 2362 Auctore!
1226 2281 1392 2346 Guilielmo
1416 2282 1574 2346 Perkinso
1586 2283 1600 2360 Ι
1611 2282 1773 2368 Theologo
1795 2282 1902 2367 Anglo
1914 2285 1938 2364 Ι.
1952 2283 2079 2350 Latinus

707 2386 725 2452 e
749 2387 878 2472 Belgioo
901 2387 1002 2451 faetus
1025 2407 1044 2451 a
1067 2388 1091 2451 l.
1117 2387 1185 2467 Η.Ι
1197 2384 1279 2474 (eto.)
1294 2391 1307 2468 Ι
1321 2383 1399 2473 (ine.
1424 2407 1516 2454 come
1537 2388 1592 2453 nel
1607 2387 1650 2452 N.
1662 2385 1770 2475 pree.)
1794 2389 1996 2454 Henoviae
2012 2392 2026 2471 Ι
2037 2409 2081 2476 ep.

709 2492 909 2560 Guilielmum
932 2494 1173 2567 Antonium,
1197 2511 1397 2559 n.nc111.›

759 2614 789 2668 ln
807 2615 832 2668 8.

559 2811 659 2881 3780.
683 2808 842 2880 Perkins
866 2812 1059 2877 Guillelmus.
1084 2848 1127 2862 -
1151 2832 1169 2876 ‹
1187 2813 1343 2878 Guilielmi
1367 2811 1514 2877 Perkinsi
1527 2815 1540 2892 Ι
1553 2811 1723 2877 Problema
1734 2815 1747 2893 Ι
1760 2812 1799 2877 de
1811 2815 1825 2892 Ι
1839 2810 1924 2900 (ete.)
1948 2813 2084 2879 Catholi-

708 2919 813 2983 cismo.
828 2919 970 3002 lEstque
993 2918 1098 2983 antido
1111 2923 1124 2999 Ι
1136 2925 1201 2983 tum
1224 2924 1337 2983 eontra
1359 2918 1554 2983 Thesaurum
1568 2922 1581 2999 Ι
1593 2914 1676 3004 (ele.)
1688 2920 1702 2998 Ι
1714 2918 1819 2983 lodoci
1843 2918 1960 2984 Coeoii.
1974 2922 1988 2999 Ι
2000 2914 2078 3006 (ete.)

707 3019 783 3110 (ine.
815 3044 906 3092 come
934 3026 988 3090 nel
1018 3024 1060 3089 Ν.
1080 3023 1187 3112 pree.)
1219 3025 1416 3090 Hanoviae
1435 3028 1448 3105 Ι
1467 3023 1549 3110 apud
1572 3023 1782 3109 Guglielmum
1811 3024 2053 3092 Antonium.
2069 3029 2083 3106 Ι

710 3149 826 3197 Muc1v.
845 3152 863 3193 e

761 3252 791 3307 ln
810 3252 835 3306 8.

759 3357 939 3414 &toa-3780
948 3374 1154 3415 mscnuununn.
1169 3387 1203 3402 -·
1215 3359 1281 3430 Leg.
1295 3359 1323 3413 in
1336 3357 1408 3429 pelle
1420 3359 1506 3414 euiuu
1519 3386 1553 3400 -
1566 3357 1618 3413 Nel
1636 3356 1688 3412 Dr.
1701 3374 1717 3414 e
1729 3357 1775 3412 uel
1788 3356 1824 3413 B.
1836 3360 1935 3426 etemu
1956 3361 2042 3414 eenir.
2061 3360 2085 3414 S.

560 3556 636 3627 ait.
658 3553 879 3628 claudimus
902 3557 946 3623 Gl.
970 3592 1013 3606 -
1037 3576 1055 3620 ‹
1072 3557 1117 3622 Gl.
1131 3559 1145 3638 Ι
1157 3556 1318 3623 Claudiani
1329 3560 1343 3637 Ι
1354 3561 1455 3641 poetae
1477 3557 1510 3621 in
1533 3575 1589 3622 suo
1612 3573 1731 3641 genere
1743 3557 1757 3636 Ι
1767 3555 1920 3640 principis
1930 3559 1946 3638 Ι
1958 3575 2057 3641 opera
2071 3559 2083 3637 Ι

709 3664 791 3729 serio
814 3662 987 3736 emendate,
1011 3682 1113 3747 neque
1136 3683 1200 3728 non
1222 3667 1315 3727 aucto
1337 3682 1379 3727 ex
1400 3659 1461 3727 fide
1484 3667 1559 3728 vett.
1581 3661 1722 3727 codicum
1738 3661 1792 3745 qui
1802 3664 1816 3743 Ι
1828 3660 1904 3725 olim
1918 3662 1952 3726 in
1969 3660 2083 3726 Biblio

707 3770 802 3835 theca
817 3770 992 3835 Ouiaeiene.
1011 3769 1089 3834 Cum
1104 3770 1230 3836 Annota
1241 3772 1255 3849 Ι
1266 3768 1401 3834 tionibus
1417 3769 1577 3853 perpetuis
1593 3768 1637 3834 St.
1652 3767 1788 3833 Glaverii
1800 3771 1815 3850 Ι
1826 3768 1859 3831 in
1875 3766 1968 3852 Supr.
1986 3768 2083 3834 Curia

709 3876 871 3942 Aduocati.
884 3880 898 3957 Ι
910 3875 950 3941 ad
962 3877 975 3954 Ι
987 3875 1139 3942 Sereniss.
1159 3875 1293 3960 divineq.
1311 3875 1441 3960 originis
1456 3874 1558 3960 prinei
1570 3878 1584 3955 Ι
1595 3894 1676 3966 pem,
1694 3873 1840 3938 Franeiae
1855 3872 2056 3959 Delphinum.
2070 3877 2084 3954 Ι

709 3982 842 4047 Adieete
864 3987 911 4047 est
934 3981 1066 4047 Coronis
1088 3982 1237 4054 miscella,
1256 3983 1279 4046 Ι.
1297 3981 1461 4066 Parrhasij
1487 3981 1619 4053 selecta,
1645 3984 1677 4045 et
1699 3981 1742 4045 M.
1765 3979 1854 4060 Ans
1866 3979 1968 4044 Delrii
1991 3981 2082 4045 Notae

707 4108 747 4153 ne
770 4088 843 4172 quid
865 4088 940 4154 huic
962 4088 1090 4153 editioni
1112 4088 1221 4154 deesse
1236 4087 1389 4153 videatur.
1403 4092 1417 4169 Ι
1429 4083 1505 4174 (ine.
1521 4088 1559 4152 in
1574 4089 1690 4173 legno:
1706 4091 1756 4152 tre
1769 4103 1915 4167 persone
1931 4085 1993 4152 ohe
2007 4084 2089 4171 fug-

708 4214 795 4281 oeno
818 4195 864 4260 do
883 4214 955 4260 une
977 4192 1054 4260 eittd
1076 4195 1134 4261 ete
1149 4214 1192 4260 oa
1207 4195 1244 4260 in
1258 4196 1405 4280 fiemme3
1427 4194 1572 4261 interno:
1595 4211 1700 4259 onnus
1724 4211 1793 4258 uns
1817 4210 1937 4258 nnevu
1961 4192 2084 4279 norro)

709 4302 889 4366 Parisiis
901 4304 915 4381 Ι
925 4301 1007 4386 apud
1024 4302 1186 4366 Nicolaum
1201 4302 1312 4366 Buon
1335 4301 1368 4365 in
1383 4306 1489 4365 monte
1504 4301 1539 4365 D.
1558 4298 1671 4384 Hilerij
1685 4301 1699 4379 Ι
1711 4297 1768 4365 sub
1784 4298 1874 4384 signo
1885 4298 1922 4362 D.
1936 4297 2061 4385 Claudij
2075 4301 2089 4380 Ι

710 4427 737 4474 u
749 4457 756 4471 .
770 4427 840 4474 nen
853 4458 859 4471 .
873 4411 886 4490 Ι
899 4428 972 4474 oum
994 4408 1161 4494 privilegio
1183 4409 1269 4494 regis
1286 4428 1315 4471 ».

763 4529 794 4584 ln
813 4531 838 4584 4.

761 4636 827 4707 Leg.
845 4637 874 4691 in
892 4637 965 4707 pelle
983 4637 1069 4691 suine„
1088 4665 1122 4679 -
1140 4635 1191 4691 Dr.
1210 4652 1226 4691 e
1243 4634 1278 4690 R.
1296 4635 1418 4706 impreee.
1437 4638 1522 4692 centn.
1543 4636 1569 4690 S.

562 4830 640 4901 380.
663 4830 869 4902 Gromutiei.
880 4868 924 4883 -
933 4853 950 4896 ‹
960 4835 1115 4898 Auctores
1126 4837 1140 4914 Ι
1152 4830 1262 4898 finium
1278 4831 1493 4918 regundorum
1504 4834 1518 4913 Ι
1530 4831 1651 4897 Nieolai
1664 4829 1794 4916 Rigaltii
1805 4831 1819 4909 Ι
1831 4828 2069 4896 observationes
2075 4830 2092 4910 Ι

712 4943 745 5004 et
765 4945 869 5014 notae,
882 4941 896 5020 Ι
908 4939 1013 5018 Item!
1024 4939 1146 5025 glossae
1169 4939 1425 5025 agrimensoriee.
1438 4942 1451 5020 Ι
1457 4934 1540 5024 (ino.
1563 4937 1600 5003 in
1622 4938 1736 5024 legno:
1758 4955 1808 5002 ue
1824 4934 1962 5003 baelone
1980 4935 2086 5023 fiorite
