4366 6052
999 449 1174 516 -95..

471 610 576 666 verso,
598 591 662 657 inc.
686 591 724 656 iu
746 592 862 678 teum:
890 590 1022 657 ritratto
1051 591 1088 656 di
1112 591 1236 658 Ενινίοο
1262 591 1382 666 θὶαὶὶο,
1407 592 1449 658 ed
1478 593 1512 656 ol
1541 592 1567 675 Ι.
1592 591 1762 678 (diverso,
1787 613 1847 661 suo

470 702 620 765 stemma.

524 819 555 874 ln
573 819 599 873 4.

522 925 590 996 Lag.
608 926 638 979 in
655 924 727 996 pelle
746 925 833 980 suine.
852 953 886 967 -
904 924 956 980 Dr.
974 942 990 980 e
1008 924 1043 981 B.
1062 925 1184 996 impress.
1204 928 1289 980 contr.
1309 925 1339 979 P.

319 1102 402 1175 414.
424 1102 614 1174 Polenrius
637 1102 835 1192 (Pagliaroli)
859 1105 989 1170 Aonius.
1013 1139 1057 1155 -
1081 1124 1098 1167 ‹
1115 1105 1210 1170 Aonii
1221 1109 1234 1184 Ι
1247 1104 1384 1191 Palearij
1407 1105 1458 1170 Vs
1470 1109 1482 1186 Ι
1495 1106 1599 1171 ruluui
1611 1110 1624 1187 Ι
1637 1105 1848 1191 Epistolarum

471 1211 525 1278 lib.
551 1213 627 1277 llll.
645 1215 658 1293 Ι
675 1211 845 1277 Orationes
868 1212 943 1276 Xll.
961 1216 974 1293 Ι
990 1213 1036 1276 De
1066 1212 1242 1276 animorum
1273 1211 1420 1276 immorta
1435 1216 1448 1293 Ι
1463 1212 1552 1277 litate
1581 1213 1634 1278 lib.
1660 1213 1718 1277 Ill.
1732 1217 1745 1294 Ι
1758 1211 1849 1287 Quod

470 1320 591 1403 scripta
620 1321 669 1383 est
698 1319 800 1383 oratio
830 1319 862 1382 in
886 1317 920 1381 L.
945 1319 1123 1382 Muraenam
1152 1317 1316 1401 praemissa
1347 1323 1420 1382 sunt
1448 1318 1591 1402 quaedam
1618 1339 1660 1384 ex
1686 1320 1729 1384 Μ.
1753 1319 1845 1406 Tullij

471 1444 530 1491 ora
540 1428 553 1506 Ι
564 1427 651 1505 tione
673 1444 732 1508 pro
748 1424 783 1488 L.
800 1425 946 1489 Muraena
957 1428 970 1503 Ι
982 1423 1127 1488 Accessit
1149 1443 1240 1507 quoq.
1257 1442 1366 1488 rerum
1384 1420 1544 1492 &uerbo-
1555 1430 1567 1504 Ι
1580 1446 1650 1490 rum
1667 1424 1768 1490 Index
1780 1429 1793 1505 Ι
1805 1461 1848 1474 -

471 1531 684 1603 Basileus,
708 1529 791 1615 apud
814 1531 1001 1611 losannem
1025 1529 1251 1614 Oporinum
1268 1549 1297 1592 s.
1323 1530 1434 1595 Seuzo
1456 1550 1555 1597 anno.

523 1653 553 1708 lu
570 1652 603 1718 83
621 1655 717 1707 curatt.
736 1651 838 1706 italico.

523 1759 589 1828 Lag.
608 1759 637 1812 in
655 1757 728 1828 pelle
746 1759 833 1812 suine.
852 1786 886 1800 -
904 1757 956 1812 Dr.
974 1774 990 1813 e
1009 1756 1044 1813 R.
1062 1757 1184 1827 impress
1204 1761 1289 1812 contr.
1310 1758 1337 1811 S.

320 1919 398 1992 416.
421 1902 617 1990 ronanus
640 1919 785 1984 Ioannes.
810 1955 853 1968 —
877 1939 896 1982 ‹
913 1919 1041 1984 Ioannis
1053 1922 1066 1998 Ι
1079 1920 1221 1983 Ferrarii
1234 1924 1246 2000 Ι
1259 1920 1368 1983 Monta
1380 1921 1392 1998 Ι
1404 1918 1436 1981 ni
1449 1923 1461 1998 Ι
1476 1918 1513 1982 ln
1530 1918 1595 1983 llll
1617 1919 1850 1984 Institutionum

472 2027 637 2092 Iustiniani
649 2030 662 2107 Ι
675 2026 774 2092 libros
796 2026 1034 2091 Adnotationes.
1048 2031 1061 2107 Ι
1073 2022 1149 2111 (ino.
1166 2025 1202 2090 in
1219 2027 1327 2111 bono:
1341 2045 1390 2089 un
1404 2024 1494 2109 yrtfo
1510 2044 1612 2108 sopra
1626 2044 1697 2089 unu
1713 2025 1798 2100 base,
1815 2025 1850 2089 ai

471 2135 531 2200 tati
559 2133 583 2198 il
605 2139 726 2200 mutto:
748 2152 898 2200 vusrvrs
921 2151 1018 2206 nvos,
1044 2151 1167 2198 comus
1190 2132 1357 2221 rosrvuu)
1381 2131 1474 2218 Apud
1496 2130 1567 2197 Seb.
1592 2132 1676 2217 Gry
1684 2131 1849 2216 phium!

471 2240 662 2326 Lugduni
674 2246 687 2321 Ι
702 2240 795 2305 1554.
813 2259 831 2303 s

522 2362 596 2429 1118,
614 2366 711 2416 ceratt
730 2361 832 2416 italico.

522 2469 589 2539 Leg.
608 2469 637 2522 iu
661 2468 734 2540 pelle
758 2467 785 2522 di
808 2467 913 2523 vitello.
933 2495 967 2510 -
985 2466 1036 2522 Dr.
1055 2484 1071 2522 e
1089 2466 1124 2523 R.
1142 2469 1264 2537 impress
1287 2471 1372 2522 centr.
1391 2467 1487 2522 derata
1511 2481 1562 2520 con
1585 2466 1656 2535 fregi
1681 2466 1850 2521 iutreociuti:

470 2575 580 2631 intorno
598 2575 680 2632 filetti
698 2575 844 2645 perimenti
863 2575 891 2628 in
910 2590 972 2639 oro;
990 2574 1078 2644 taglio
1096 2575 1192 2629 dorato
1209 2591 1260 2629 con
1278 2574 1349 2643 fregi
1367 2572 1477 2628 bianchi
1496 2572 1669 2643 punteggiati
1688 2574 1716 2626 in
1735 2589 1791 2628 oro.

321 2751 398 2825 416
421 2790 465 2807 -
496 2756 698 2820 ‹Tractatus
710 2757 723 2835 Ι
736 2753 775 2819 de
804 2753 928 2840 legibus
958 2749 993 2821 dc
1023 2752 1246 2819 Consuetudini
1258 2757 1271 2835 Ι
1283 2752 1341 2817 bus
1371 2753 1506 2838 Angliae,
1541 2757 1684 2838 tempore
1720 2752 1849 2839 Regis!

470 2861 605 2928 Henrici
636 2860 765 2926 secundi
796 2861 993 2945 compositus,
1026 2860 1162 2924 lusticiae
1193 2862 1259 2944 gul
1271 2859 1445 2924 bemacula
1475 2863 1603 2923 tenente
1634 2858 1750 2924 illustri
1778 2860 1848 2923 viro

472 2966 642 3052 Ranulpho
664 2968 710 3031 De
734 2966 894 3033 Glanvilla
910 2962 993 3052 (etc.)
1010 2965 1071 3040 Qui
1093 2984 1178 3029 nunc
1200 2966 1390 3049 imprimitur
1413 2970 1483 3050 post
1498 2965 1541 3030 50
1556 2983 1657 3030 annos
1676 2966 1762 3050 apri
1773 2968 1786 3045 Ι
1799 2966 1848 3029 ori

471 3070 631 3159 &prima
653 3073 865 3159 impressione
889 3071 972 3158 (etc.)
985 3075 998 3153 Ι
1011 3073 1043 3135 in
1074 3071 1192 3137 aedibus
1215 3072 1345 3136 Thomae
1367 3072 1536 3157 Wights
1552 3072 1646 3137 1604.
1659 3076 1672 3154 Ι
1685 3072 1763 3138 Cum
1782 3073 1850 3157 pri·

471 3179 588 3266 uilegio
612 3181 722 3265 Regiae
745 3180 965 3245 Maiestatis.»
991 3179 1103 3244 Sento
1126 3178 1235 3264 tuoyo.

402 3339 404 3344 -
523 3301 554 3356 ln
575 3301 615 3356 16.

521 3408 591 3477 Lag.
610 3409 641 3463 in
658 3408 731 3478 pelle
748 3407 776 3462 di
794 3407 900 3474 vitello,
918 3422 970 3462 oon
988 3406 1113 3477 semplici
1131 3406 1214 3461 filetti
1233 3406 1366 3477 impressi.

323 3584 398 3657 417.
418 3583 565 3658 Plinius
576 3583 637 3673 (G.)
650 3586 795 3653 Gaecilius
815 3586 987 3653 Secundus.
1001 3621 1044 3635 -
1061 3605 1079 3649 ‹
1097 3586 1129 3652 (l.
1148 3585 1244 3650 Plinii
1260 3586 1388 3651 Caecilii
1400 3591 1412 3668 Ι
1425 3584 1561 3653 Secundi
1575 3587 1850 3665 Novocomensis!

473 3691 578 3780 (quem
601 3697 634 3759 et
655 3693 811 3758 iuniorem
833 3693 973 3780 vocant)
989 3692 1193 3779 epistolarum
1215 3692 1254 3756 li-
1268 3691 1343 3772 lbri
1358 3693 1399 3757 X.
1417 3690 1500 3780 (etc.)
1524 3710 1596 3776 quae
1619 3692 1724 3756 omnia
1740 3691 1850 3757 doctis

471 3801 559 3866 simis
580 3819 619 3864 ac
640 3799 897 3865 luculentissimis
920 3800 1049 3865 loannis
1071 3800 1183 3864 Mariae
1207 3798 1348 3864 Gatanaei
1379 3799 1615 3864 commentariis
1638 3796 1720 3884 (etc.)
1749 3798 1851 3884 expli-

472 3911 545 3972 cata
567 3910 649 3971 sunt.
673 3905 822 3971 Eiuudem
846 3905 885 3971 de
907 3907 985 3970 viris
1007 3906 1041 3969 in
1064 3925 1100 3970 re
1112 3908 1125 3987 Ι
1137 3905 1266 3969 militari
1282 3909 1315 3969 et
1336 3903 1584 3970 administranda
1606 3904 1769 3989 republica
1783 3904 1852 3968 illu·

473 4012 591 4079 stribus
606 4011 696 4084 liber,
714 4011 852 4078 Conradi
868 4011 1077 4097 Lycosthenis
1096 4030 1214 4076 enarra
1225 4016 1238 4092 Ι
1249 4010 1387 4076 tionibus
1402 4011 1619 4076 illustratus.»
1637 4009 1736 4076 thlu
1750 4015 1851 4093 parte

472 4119 535 4202 inf.
559 4119 612 4184 det
634 4119 738 4202 frout.
762 4115 780 4184 ἑ
803 4119 837 4184 la
859 4119 940 4184 dota
962 4118 1064 4193 1552,
1089 4138 1152 4184 oon
1174 4137 1277 4201 sopra
1300 4115 1478 4200 t'impresu
1505 4116 1624 4204 tipoyr.
1648 4116 1685 4181 di
1706 4116 1848 4183 Froben.

473 4226 517 4290 In
538 4227 605 4311 fine
627 4225 681 4290 det
703 4225 765 4292 ool.
784 4221 965 4307 &aduoluta
988 4225 1022 4290 tu
1043 4225 1129 4289 med.
1154 4224 1325 4306 impresu;
1346 4225 1436 4288 netto
1460 4223 1648 4288 tertultimu
1665 4223 1797 4308 pucino
1822 4222 1851 4289 si

473 4331 582 4418 leque:
608 4351 625 4394 ‹
651 4330 847 4395 Besileae
874 4350 933 4415 per
955 4331 1188 4416 Hieronymum
1211 4329 1391 4395 Froben.
1417 4334 1448 4394 et
1471 4329 1569 4411 Nics
1585 4329 1850 4414 Episcopium

473 4437 614 4503 calendis
637 4438 743 4503 martii
754 4441 768 4519 Ι
780 4456 806 4503 u
820 4487 826 4500 .
840 4457 861 4503 n
875 4488 881 4501 .
897 4456 1001 4502 nu.»

525 4558 555 4614 lu
573 4559 620 4614 fol.
639 4559 665 4613 di
684 4576 747 4630 pag.
766 4558 795 4629 (5
812 4575 828 4613 e
846 4575 901 4612 una
918 4557 1036 4626 bisace),
1054 4557 1116 4625 628,
1135 4557 1200 4627 (10).

522 4664 589 4736 Lag.
608 4665 636 4719 in
655 4664 727 4736 pelle
745 4664 826 4719 suine
847 4681 898 4720 con
916 4665 1039 4734 impress.
1059 4668 1144 4719 contr.
1165 4665 1281 4718 Stante
1299 4661 1345 4719 nel
1362 4662 1414 4718 Dr.
1433 4661 1484 4719 che
1502 4662 1547 4719 nel
1566 4661 1601 4718 R.

329 4838 403 4933 418.
425 4840 642 4914 Pateroulus
664 4845 697 4911 6.
722 4843 876 4930 Vellejus.
908 4880 952 4894 -
983 4863 1000 4906 ‹
1018 4843 1051 4909 G.
1083 4843 1201 4928 Velleji
1214 4847 1227 4924 Ι
1239 4842 1402 4907 Paterculi
1415 4847 1427 4922 Ι
1441 4843 1592 4908 Historiae
1607 4846 1621 4924 Ι
1634 4843 1723 4907 Rom.
1737 4844 1750 4922 Ι
1763 4841 1851 4907 Libri

473 4948 544 5016 duo.
557 4953 571 5031 Ι
583 4951 635 5016 Ex
657 4951 844 5016 recensione
855 4953 869 5030 Ι
882 4950 952 5014 Iani
974 4950 1121 5016 Gruteri:
1134 4953 1147 5030 Ι
1160 4949 1238 5015 Cum
1261 4947 1398 5023 scholiis,
1415 4949 1506 5021 notis,
1523 4949 1622 5013 variis
1638 4947 1849 5029 Lectionibus,
