4366 6052
882 456 1080 523 -193-

233 594 294 668 W.
317 595 502 667 Honorius
524 598 828 684 Augustodunensis
839 634 883 648 -
897 619 914 661 ‹
928 599 1096 685 Speculum
1108 601 1124 683 Ι
1135 600 1309 674 Ecclesiae,
1328 600 1395 666 sive
1418 599 1613 683 Sermones!
1628 602 1747 687 aliquot

369 705 566 791 Euangeliei,
580 711 645 771 tam
656 705 696 771 de
710 712 864 792 tempere,
877 705 971 790 quam
983 705 1022 770 de
1033 710 1046 788 Ι
1059 707 1186 780 sanctis,
1200 706 1264 771 divi
1277 707 1409 792 Honorij
1425 707 1607 792 presbyteri
1620 708 1727 794 Augu-
1734 713 1748 789 Ι

368 811 580 886 studunensis,
604 814 657 898 qui
679 811 787 879 floruit
809 817 884 879 ante
907 832 1008 878 annes
1020 816 1033 893 Ι
1045 809 1331 899 quadringetes,&
1353 814 1438 879 inter
1460 814 1600 881 illustres
1615 819 1629 896 Ι
1645 816 1748 881 eccle-

369 920 425 984 siae
454 921 633 1004 scriptores
650 939 721 985 cen·
734 922 749 1004 Ι
760 926 946 986 numeratus
969 926 1025 985 est.
1036 923 1050 1002 Ι
1062 919 1198 1005 Speculo
1221 920 1296 985 huic
1318 920 1464 986 acclesia-
1475 928 1487 1002 Ι
1500 922 1578 987 stiee
1601 920 1749 1009 adijcitur

371 1025 567 1111 Opusculum
590 1026 805 1092 admonitioni
827 1046 900 1111 qua·
911 1030 925 1107 Ι
936 1025 1071 1092 rundam
1086 1033 1149 1110 atq;
1169 1027 1467 1111 interpretationum
1479 1031 1491 1109 Ι
1503 1027 1646 1093 lecerum
1673 1029 1726 1093 ali·
1733 1032 1747 1108 Ι

369 1136 445 1227 quet
466 1135 634 1218 seripturae
656 1129 830 1198 difficilium
854 1133 1014 1219 Feliciarij
1040 1133 1213 1218 Episcopi!
1228 1133 1436 1207 Arelatensis,
1460 1153 1531 1200 cum
1554 1136 1749 1219 grauissimis

370 1244 435 1321 atq;
462 1241 600 1324 receptis
630 1241 738 1322 anti-l
750 1258 884 1323 quorum
914 1245 1041 1324 patrum
1071 1239 1269 1325 sententijs.l
1280 1239 1406 1304 Aeditie
1436 1241 1546 1325 prima.
1560 1244 1573 1322 Ι
1589 1277 1632 1291 -
1654 1242 1748 1307 Anne

370 1363 590 1410 u.n.xxx1.
604 1347 707 1427 [Cum
731 1347 835 1431 gratia
858 1341 892 1413 dr
914 1345 1089 1431 priuilegio.
1109 1367 1127 1408 r
1145 1345 1188 1410 Ia
1209 1347 1287 1431 fiee:
1312 1365 1329 1407 ‹
1354 1345 1609 1418 Celeniae,ex
1631 1346 1748 1412 oedibus

239 1483 249 1500 ·
371 1449 684 1526 Quentelianis,
701 1449 784 1537 (etc.)
809 1472 827 1516 ›

422 1589 452 1645 ln
470 1590 496 1658 8,
514 1591 541 1646 di
559 1593 578 1645 f.
598 1589 659 1646 343.

421 1695 488 1766 Lag.
506 1697 534 1751 in
553 1696 627 1767 pelle
645 1697 672 1751 di
689 1696 795 1753 vitello.
814 1726 848 1740 -
867 1697 1039 1767 lmpressieni
1056 1697 1173 1753 centu-ali
1192 1696 1238 1753 nel
1257 1695 1308 1752 Dr.
1322 1697 1356 1752 Ε.
1374 1714 1390 1753 e
1407 1697 1454 1753 nel
1471 1696 1506 1753 R
1520 1698 1553 1752 F.
1571 1697 1749 1769 Impressiene

369 1802 397 1857 di
415 1808 546 1858 conterno
563 1803 609 1859 nel
627 1802 679 1858 Dr.
698 1820 714 1859 e
731 1804 778 1860 nel
796 1802 831 1860 R.
851 1823 873 1860 c.
892 1821 943 1859 cen
963 1803 1073 1859 berehia
1091 1804 1118 1858 di
1136 1803 1250 1860 metelle
1268 1804 1364 1860 dorato
1382 1803 1439 1874 agli
1458 1804 1559 1875 angeli.

233 2012 328 2085 Ὀθα.
352 2012 560 2086 Eckbertus
574 2017 753 2104 presbyter.
771 2054 814 2068 -
831 2038 849 2081 ‹
865 2018 987 2084 Adver-
998 2021 1012 2099 Ι
1025 2039 1077 2083 sus
1087 2018 1256 2104 pestiferos
1267 2018 1545 2103 foedissimesques
1560 2019 1749 2101 catharon)

371 2124 437 2208 (qui
453 2124 659 2190 Manichaeer.
676 2126 825 2191 haeresim
840 2127 1045 2208 inneuarunt)
1059 2123 1222 2190 damnatos
1237 2144 1366 2190 errores
1380 2144 1419 2189 ac
1433 2125 1582 2200 haereses,
1595 2125 1749 2192 Eckberti

369 2230 532 2317 presbyte
543 2234 557 2313 Ι
568 2232 606 2305 ri,
619 2233 722 2316 prime
738 2231 881 2297 ecclesiae
898 2231 1074 2317 collegiatae
1090 2232 1294 2305 Brunnensis,
1312 2230 1475 2297 Celenien·
1487 2236 1501 2312 Ι
1513 2233 1555 2297 sis
1578 2230 1750 2298 dioeceseos

371 2338 525 2411 canonici,
550 2336 675 2402 demum
697 2358 775 2403 uere
791 2338 925 2423 professi
955 2356 1018 2402 me
1033 2341 1047 2418 Ι
1063 2338 1159 2403 nachi
1182 2337 1412 2423 Schenaugier‘r.
1429 2340 1443 2419 Ι
1459 2333 1542 2424 (ete.)
1574 2339 1679 2403 Breue
1709 2358 1751 2404 ax

371 2444 548 2528 Augustino
563 2442 603 2509 de
618 2442 805 2509 Manichaeis
827 2463 938 2510 ancer·
949 2448 963 2526 Ι
973 2449 1071 2529 ptum,
1088 2463 1146 2529 per
1162 2442 1296 2508 eundem
1311 2442 1517 2509 Eckbertum.
1530 2446 1544 2525 Ι
1557 2445 1596 2508 ln
1611 2443 1750 2509 Laudem

373 2549 570 2616 Brunnensis
581 2549 696 2636 Oppidi
704 2551 718 2630 Ι
727 2549 946 2616 Hexastichen
957 2555 1057 2616 uetus.
1068 2548 1281 2635 lBunnalsic)
1293 2550 1392 2615 selum
1404 2548 1493 2623 felix,
1505 2549 1641 2615 celebris
1652 2550 1749 2625 lecus,

371 2657 493 2744 inclyta
514 2658 617 2722 tellus.
630 2660 644 2739 Ι
656 2656 786 2722 Florida
807 2658 964 2743 martyrio
986 2663 1077 2723 terra
1092 2662 1216 2722 sacrata
1238 2655 1343 2721 dee.»
1368 2656 1411 2722 In
1432 2657 1511 2742 fiee:
1536 2675 1554 2719 ‹
1571 2655 1664 2743 Apud
1683 2676 1751 2723 san·

372 2768 455 2829 ctam
479 2763 709 2838 Coloniam,
732 2764 827 2829 Anne
851 2763 870 2827 a
893 2762 1010 2829 Christi
1032 2764 1147 2829 natiui·
1159 2767 1246 2845 state
1261 2762 1426 2828 millesime
1447 2763 1751 2849 quingentesimetri·

372 2872 498 2945 cesime,
514 2889 599 2937 nene
613 2890 663 2936 ca-
674 2873 688 2952 Ι
698 2870 810 2936 lendas
826 2871 977 2957 Ianuarij,
994 2871 1148 2955 Impensis
1164 2870 1315 2935 Iohannis
1330 2869 1509 2936 Soteris.
1520 2872 1534 2951 Ι
1546 2869 1624 2936 Cum
1647 2873 1751 2957 gratia

373 2972 595 3063 &privilegio
618 2976 658 3042 ad
681 2977 881 3042 sexenniu»

424 3116 455 3171 In
472 3116 498 3183 83
516 3116 585 3187 fegli
604 3132 659 3172 nen
677 3117 822 3173 numerati.

233 3328 322 3401 tole.
349 3327 548 3402 ceehlaeus
571 3329 749 3420 (Debneck)
774 3331 940 3396 lohannes.
965 3367 1009 3381 -
1034 3331 1115 3396 «De
1138 3331 1259 3412 Neris!
1271 3351 1314 3396 ex
1337 3331 1485 3397 Hebraeo
1497 3337 1511 3415 Ι
1524 3331 1751 3398 Translatieni·

371 3436 430 3504 bus
452 3457 554 3504 secrae
576 3439 753 3524 scripturae,
770 3438 963 3523 Disceptatio
979 3438 1030 3502 Ie·
1042 3441 1055 3519 Ι
1068 3436 1183 3503 hannis
1203 3437 1350 3504 Gechlaai.
1363 3441 1433 3519 Ι-
1449 3437 1721 3524 lngelstadii,
1738 3440 1752 3519 Ι

372 3544 425 3610 Ex
446 3542 573 3611 officina
593 3543 775 3611 Alexandri
796 3544 1137 3611 Vueissenhern.
1162 3562 1436 3610 nonnum.»

425 3683 456 3738 ln
473 3683 500 3752 8,
517 3700 580 3755 peg.
598 3700 654 3739 nen
671 3686 822 3739 numerata.

233 3879 326 3951 mc.
352 3877 586 3953 Clichtovcus
609 3880 751 3948 ledecus.
776 3916 820 3931 -
845 3882 926 3947 ‹De
948 3900 1042 3946 vene·
1053 3884 1067 3963 Ι
1078 3882 1203 3947 ratione
1229 3887 1420 3947 sanctorum.
1443 3879 1517 3944 libri
1533 3882 1547 3961 Ι
1558 3878 1620 3945 due
1644 3878 1751 3944 ludeei

374 3987 558 4054 Glichtouei.
584 3988 819 4073 Nepertuensis,
842 4007 900 4052 ex·
916 3990 929 4067 Ι
945 3987 1138 4053 celletissimi
1170 3987 1336 4052 Parisiesis
1365 3984 1535 4052 academice
1558 3984 1752 4071 Theelegi.s

374 4094 512 4169 Primus,
535 4093 738 4160 henerandes
760 4112 829 4159 esse
851 4093 891 4159 ab
914 4093 1050 4158 ecclesia
1080 4098 1214 4166 sanctes,
1231 4089 1295 4173 l&
1318 4090 1426 4158 sedule
1448 4091 1468 4155 a
1492 4091 1583 4157 nobis
1605 4090 1751 4163 orandes,

374 4199 719 4282 ostenditlSecundus,
742 4202 883 4266 rationes
906 4219 1025 4273 eorum,
1049 4201 1102 4284 qui
1133 4198 1327 4265 centendunt
1348 4217 1413 4263 nen
1424 4204 1437 4279 Ι
1450 4217 1520 4263 esse
1542 4195 1751 4271 uenerandes,

373 4326 435 4373 nec
449 4306 586 4372 erandes
601 4306 621 4370 a
635 4305 726 4372 nohis
741 4311 877 4380 sanctos,
889 4308 903 4386 Ι
915 4305 1065 4372 dissolvit.
1075 4306 1191 4386 [Anne
1207 4324 1253 4371 u.
1267 4322 1473 4371 u.xxv11.›
1489 4303 1533 4370 Ie
1546 4304 1631 4389 fine:
1648 4322 1666 4366 ‹
1683 4303 1754 4370 Ge.-

373 4413 531 4488 leniae,
545 4417 558 4495 Ι
570 4414 725 4498 Impensis
747 4412 872 4478 honesti
895 4413 974 4478 ciuis
996 4411 1086 4477 Petri
1110 4410 1324 4486 Quenteli.
1338 4413 1352 4490 Ι
1368 4407 1451 4497 (etc.)
1469 4430 1498 4474 ›.

427 4551 457 4606 ln
475 4551 501 4618 8,
519 4568 582 4623 pag.
600 4567 655 4607 nen
673 4557 824 4607 numerate.

427 4657 544 4713 Postilla
561 4675 625 4713 mss.
643 4659 689 4713 nei
707 4658 834 4728 margini.

425 4763 605 4820 acea-8020
622 4780 829 4821 ussermann.
848 4791 882 4808 -
900 4764 966 4834 Lag.
986 4764 1014 4819 in
1033 4762 1106 4833 pelle
1125 4763 1152 4818 di
1169 4761 1275 4818 vitello.
1294 4790 1328 4805 -
1347 4762 1470 4833 lmpress.
1489 4765 1574 4817 centr.
1593 4759 1690 4813 derata
1707 4758 1753 4814 nel

374 4871 426 4927 Dr.
445 4874 478 4928 A.
497 4871 760 4938 celladata1550,
784 4887 799 4926 e
817 4871 863 4927 nel
879 4869 914 4926 R
934 4873 977 4938 B,
994 4871 1116 4941 impress
1141 4870 1167 4925 di
1192 4875 1325 4925 centerne
1348 4868 1394 4924 nel
1418 4868 1470 4924 Dr.
1488 4882 1504 4923 c
1522 4866 1568 4922 nal
1585 4865 1621 4922 R
1636 4884 1683 4921 uu.
1702 4881 1753 4920 cen

374 4977 487 5034 berchie
505 4978 532 5032 di
549 4977 664 5034 metallo
681 4977 778 5032 derate
795 4976 852 5047 agli
871 4977 974 5047 angeli.

1536 5080 1571 5135 25
