4366 6052
990 437 1187 504 -112-

478 584 576 668 Regis
600 582 729 649 Galliar.
748 578 782 649 dr
798 582 931 666 Reginae
944 586 956 661 Ι
969 581 1104 665 Angliae.
1119 585 1131 662 Ι
1144 617 1187 630 -
1204 580 1280 644 Hel
1290 580 1508 661 mestadii(
1525 582 1623 667 Typis
1647 582 1755 649 iacobi
1777 584 1854 650 Lu·

477 690 549 761 eii,
573 688 725 753 sumtibus
749 689 820 772 (sic)
844 687 1004 753 Ambrosii
1028 687 1262 752 Kirchneri
1274 690 1287 766 Ι
1300 686 1394 751 Anno
1418 705 1633 753 mancini.»

528 809 558 865 ln
576 809 623 865 iol.

528 914 593 985 Lag.
612 916 640 969 in
659 915 733 985 pelle
750 916 838 970 anina
857 945 890 959 -
908 915 1032 985 lmpreas
1051 918 1137 971 contr.
1160 916 1190 969 Τ.
1209 913 1255 971 uel
1272 914 1324 970 Dr.
1342 931 1358 970 e
1376 913 1422 971 nal
1440 913 1475 969 lt
1493 915 1529 968 Η.

324 1111 409 1182 485.
431 1111 599 1199 Bongars
613 1112 757 1178 lacobus.
771 1149 815 1164 -
828 1133 845 1176 ‹
860 1114 980 1179 Rerum
992 1117 1005 1193 Ι
1017 1113 1176 1198 Hungari·
1187 1117 1200 1193 Ι
1212 1131 1322 1177 carum
1334 1116 1347 1192 Ι
1359 1113 1532 1197 scriptores
1546 1113 1637 1177 varii.
1652 1113 1853 1198 [historicis

475 1221 689 1305 geographici.
703 1224 716 1301 Ι
730 1222 781 1285 Ex
799 1219 960 1285 veteribus
975 1220 1128 1304 plerique,
1144 1217 1200 1284 scd
1215 1219 1277 1283 iam
1291 1216 1485 1302 fugientibus
1503 1217 1566 1283 edi·
1577 1222 1590 1298 Ι
1601 1218 1740 1285 tionibus
1759 1240 1852 1286 reuo-

474 1327 553 1391 cati:
568 1330 580 1408 Ι
594 1326 728 1401 Quidam
750 1346 837 1391 nunc
858 1325 994 1410 primdm
1018 1326 1101 1391 editi.
1115 1331 1128 1407 Ι
1140 1326 1298 1390 Auctores
1322 1324 1453 1389 exhibet
1474 1326 1591 1410 pagina
1620 1324 1640 1390 d
1664 1327 1854 1411 praeiatione

475 1433 659 1518 proximas
681 1433 806 1498 Indices
832 1431 929 1498 additi
958 1440 1122 1498 auctorum
1152 1450 1230 1515 quos
1256 1431 1302 1496 illi
1332 1432 1447 1503 citant,
1477 1450 1592 1496 vocum
1622 1433 1727 1498 minus
1756 1433 1853 1515 ire-l

474 1540 644 1620 quendum.
662 1536 696 1608 ἃ
711 1559 820 1604 rerum
843 1538 1100 1604 memorabilium.
1114 1543 1127 1618 Ι
1140 1538 1216 1617 (iac.
1232 1537 1271 1602 in
1285 1539 1401 1623 legno:
1422 1536 1489 1602 due
1510 1537 1606 1602 maai
1628 1538 1687 1604 σὴρ
1710 1543 1852 1626 tertam

471 1663 521 1710 aa
543 1645 688 1712 caduceo
704 1665 727 1710 a
742 1646 796 1711 cui
811 1665 892 1712 scae
907 1645 993 1710 uniti
1008 1644 1073 1710 duc
1089 1643 1184 1710 corni
1205 1639 1472 1718 d'abboadaoza,
1495 1638 1643 1711 aell'altc
1657 1664 1708 1710 un
1723 1647 1852 1713 cavallo

474 1752 629 1826 ataleni
651 1751 717 1818 due
739 1752 799 1817 tati
816 1769 1076 1838 monogramma
1098 1755 1265 1832 compecto
1281 1750 1363 1817 colle
1385 1751 1497 1815 lettere
1518 1749 1558 1823 A,
1582 1751 1640 1832 W)
1665 1751 1852 1818 Franco-

472 1857 581 1923 furti
603 1858 696 1943 Apud
718 1858 854 1923 heredes
869 1858 1008 1923 Andreae
1031 1856 1269 1938 Weeheli,s
1282 1855 1445 1923 Claudium
1467 1856 1687 1931 Morbium,
1713 1855 1748 1927 du
1765 1860 1851 1924 ioan.

471 1963 881 2044 Aubrinm.lm.nc.›

525 2084 555 2138 ln
573 2085 621 2139 fol.

524 2191 590 2261 Leg.
610 2192 638 2245 in
656 2191 729 2262 pelle
747 2191 834 2244 anina
853 2221 887 2232 -
905 2191 1028 2260 impress.
1047 2195 1133 2246 cantr.
1153 2193 1183 2251 Q.
1201 2191 1247 2246 nel
1266 2188 1317 2243 Bt.
1337 2207 1352 2245 e
1371 2194 1404 2248 R.
1422 2191 1468 2248 nel
1487 2188 1522 2245 R

322 2386 405 2458 486.
428 2386 640 2458 Dnbliulius
663 2391 807 2455 loannes.
832 2425 876 2438 -
900 2410 918 2453 ι
936 2391 1246 2476 Hierosolymitanae
1258 2395 1271 2472 Ι
1282 2393 1423 2478 peregri·
1435 2397 1448 2474 Ι
1459 2392 1596 2458 nationis
1617 2390 1672 2455 ho
1683 2394 1696 2471 Ι
1709 2389 1851 2476 dcepori·

471 2516 551 2568 cum,
566 2499 578 2576 Ι
590 2501 709 2582 septem
733 2495 928 2581 dialogorum
951 2495 1041 2560 libris
1053 2500 1066 2577 Ι
1079 2497 1279 2582 explicatum,
1304 2499 1336 2561 in
1360 2517 1421 2581 quo
1451 2498 1490 2563 de
1512 2499 1636 2564 ratione
1663 2498 1789 2562 itineris
1818 2499 1850 2562 in

471 2602 683 2671 Palaestinam.
698 2606 711 2682 Ι
724 2602 763 2667 de
792 2604 909 2668 sanctis
938 2602 1026 2674 locis.
1050 2603 1224 2688 vicinisque
1254 2605 1435 2689 prouinciis,
1466 2605 1506 2669 de
1531 2604 1681 2685 illarum!
1709 2605 1849 2691 gentium

471 2710 626 2795 religione
639 2705 832 2783 &moribus
849 2709 950 2795 alijsq;
967 2709 1005 2774 eb
1020 2709 1289 2794 per-(tinentibus
1305 2710 1453 2776 accurate
1470 2710 1644 2776 disseritur.
1654 2714 1667 2793 Ι
1679 2710 1716 2776 F.
1731 2711 1849 2778 Ioanne

469 2814 636 2889 Dubliubo,
650 2816 778 2889 Neruio.
788 2821 801 2897 Ι
811 2816 1025 2881 Franciscano
1039 2815 1188 2901 theologo
1203 2816 1347 2882 authore.
1357 2819 1371 2897 Ι
1379 2816 1429 2882 Ad
1441 2816 1666 2883 Reuerendum
1677 2819 1712 2882 in
1724 2818 1849 2885 Christo

468 2922 600 2987 Patrem
631 2917 666 2989 dr
698 2922 892 3003 Dominum]
909 2922 1091 2991 Reinerum,
1128 2922 1303 3008 Imperialis
1336 2924 1521 3010 Monasterij
1554 2923 1584 2990 S.
1615 2924 1766 2990 Maximi-
1785 2928 1799 3005 Ι
1816 2927 1848 2990 ni

468 3027 551 3114 apud
582 3028 733 3094 Treuiros
756 3027 910 3095 Abbatem
941 3028 1165 3113 dignissimum.
1179 3032 1193 3110 Ι
1208 3028 1283 3108 (iac.
1309 3029 1346 3093 in
1372 3030 1578 3116 legemem
1606 3050 1694 3097 acce
1722 3033 1848 3119 galleg-

467 3134 602 3220 9iaate5
624 3134 661 3199 in
691 3135 758 3201 alto
784 3134 808 3198 il
834 3139 954 3201 mette:
976 3152 1056 3201 rosr
1084 3153 1209 3202 arama
1232 3152 1400 3210 pronaum
1424 3136 1458 3200 al
1488 3135 1524 3200 di
1553 3140 1645 3211 sotto,
1676 3135 1703 3200 il
1731 3157 1847 3205 moac-

467 3259 626 3326 9ramma
641 3240 695 3305 det
712 3238 893 3327 tipopraso)
910 3239 1110 3305 Coloniae
1122 3246 1135 3323 Ι
1144 3241 1195 3305 Ex
1210 3238 1336 3305 officina
1352 3240 1487 3307 Gerardi
1504 3241 1848 3325 Gravenbruch.l

468 3347 564 3411 Anno
586 3366 612 3412 m
626 3396 633 3410 .
648 3365 747 3411 nc.»

521 3467 552 3522 lu
570 3468 596 3521 8.

518 3573 585 3644 Leg.
604 3575 633 3628 in
651 3573 724 3645 pelle
741 3574 829 3629 suine.
849 3603 882 3617 -
901 3573 1025 3646 Imprasa.
1044 3578 1130 3629 centn.
1150 3576 1177 3629 S.
1195 3573 1241 3629 nel
1258 3572 1311 3629 Dr.
1330 3590 1346 3629 c
1363 3573 1410 3629 nal
1428 3573 1463 3629 R

317 3767 400 3839 487.
423 3767 651 3841 deomanus
673 3772 872 3838 Laurentius.
897 3808 940 3821 -
968 3792 985 3835 ‹
1003 3771 1145 3836 Annales
1156 3776 1169 3852 Ι
1182 3791 1283 3836 sacrae
1304 3772 1471 3857 scripturae
1484 3775 1496 3851 Ι
1508 3772 1553 3837 ita
1579 3771 1771 3844 concinnati,
1785 3777 1798 3854 Ι
1812 3779 1847 3838 ut

466 3876 607 3942 historiae
630 3879 749 3943 veteris
774 3897 813 3943 ac
835 3879 910 3942 novi
933 3879 1135 3950 Testamenti,
1168 3879 1248 3942 Item
1275 3879 1366 3962 origo
1397 3877 1463 3956 Ο-Ι
1475 3876 1669 3962 lympiadum
1698 3873 1732 3945 dr
1758 3877 1846 3943 urbis

469 3983 578 4047 Romae
597 3983 716 4069 justam
747 3983 780 4047 in
809 3984 902 4049 annis
924 3983 1034 4049 Mundi
1046 3987 1059 4063 Ι
1071 3982 1177 4049 sedem
1207 3982 1354 4048 habeant.
1387 3983 1446 4048 His
1476 3982 1720 4048 accommodatae
1745 3989 1844 4066 sunt!

467 4089 657 4174 insigniores
670 4091 879 4155 Ethnicorum
891 4094 904 4172 Ι
917 4089 1068 4155 historiae.
1082 4093 1095 4170 Ι
1107 4090 1323 4155 Accesserunt
1338 4095 1473 4173 quatuor
1485 4094 1497 4170 Ι
1509 4089 1597 4154 Libri
1612 4088 1844 4176 Chronologiae‚

466 4197 622 4261 rationem
645 4194 814 4262 reddentes
830 4196 868 4262 de
891 4196 1048 4282 scrupulis
1060 4200 1072 4276 Ι
1085 4195 1342 4280 disceptationem
1358 4196 1518 4282 parituris,
1543 4192 1578 4264 du
1599 4195 1770 4262 Methodus
1784 4196 1846 4262 cal·

467 4301 593 4366 eulandi
611 4322 752 4367 mensem
769 4303 865 4367 Nisan
878 4306 890 4383 Ι
903 4299 938 4371 dr
952 4303 1096 4386 Eclipses
1119 4321 1161 4368 ex
1177 4301 1304 4367 Tabulis
1327 4303 1508 4369 Prutenicis
1523 4303 1566 4368 M.
1584 4302 1710 4367 Erasmi
1727 4303 1844 4384 Rem-l

465 4407 551 4473 holdi
575 4415 734 4494 congesta.
760 4405 794 4477 dr
816 4409 970 4494 exemplis
991 4408 1032 4473 ad
1054 4408 1126 4473 illos
1148 4409 1254 4473 Anna·
1265 4413 1278 4489 Ι
1289 4409 1338 4473 les
1359 4408 1550 4474 necessariis
1572 4407 1740 4474 illustrata.
1758 4413 1771 4490 Ι
1783 4410 1845 4473 Au·

464 4520 535 4580 tore
547 4518 560 4595 Ι
573 4515 745 4581 Laurentio
768 4515 947 4580 Codomano
959 4519 971 4597 Ι
984 4515 1062 4581 Cum
1086 4515 1241 4581 cesarea
1257 4515 1431 4581 Maiestatis
1454 4515 1565 4582 Gratia
1587 4511 1622 4583 dr
1644 4515 1844 4600 Privilegiol

465 4656 509 4671 —
530 4620 804 4708 Witebergae
823 4626 836 4704 Ι
856 4621 1036 4707 Sumptibus
1065 4622 1227 4687 Zachariae
1258 4620 1463 4688 Schureri
1493 4617 1528 4689 dr
1551 4621 1620 4707 ejus
1642 4620 1842 4701 Sociorum!

464 4726 560 4793 Anno
583 4747 609 4793 m
621 4747 711 4793 nc11.
730 4749 749 4792 ›

519 4848 548 4903 ln
567 4849 592 4903 l.

515 4954 582 5025 Lag.
600 4955 629 5010 in
647 4954 720 5026 pelle
738 4956 825 5010 anina
844 4984 879 4999 -
897 4956 1020 5028 Impresa
1039 4960 1124 5012 contr.
1144 4958 1171 5011 M
1189 4955 1235 5012 nal
1253 4954 1305 5011 Dr.
1325 4971 1341 5012 e
1359 4955 1405 5011 nel
1422 4953 1459 5011 R
