4366 6052
993 435 1170 512 ,23-

470 577 567 643 Bestii
583 573 666 665 (eto.)
682 576 805 650 Edicto,
818 580 832 658 Ι
844 576 956 644 Oratio
970 597 1029 663 pro
1040 579 1054 657 Ι
1066 579 1185 664 seipsis.
1203 600 1221 642 ›
1240 576 1339 643 Nelta
1349 597 1431 665 pop.
1444 596 1510 665 sep.
1523 597 1605 646 sono
1616 578 1682 645 iae.
1694 577 1732 644 in
1747 578 1845 666 lepao

470 683 560 749 armi
582 683 810 751 cardinalitio.
834 683 879 749 In
900 685 990 751 ealce
1012 681 1214 768 all'epistola
1235 686 1270 749 al
1293 685 1406 751 lettere
1428 685 1487 751 che
1502 681 1521 751 ἑ
1537 686 1574 751 in
1594 687 1662 772 fine
1684 681 1847 769 dell'opu·

469 791 558 858 scoto
580 790 718 876 sileppe
732 791 767 855 la
781 791 863 856 dota
877 791 930 855 del
945 789 1044 857 1548.
1060 790 1143 857 Poi:
1160 791 1403 875 «Augustae
1428 790 1632 856 Rhetieae
1655 790 1847 878 Philippus!
1881 785 1889 801 ⁸

471 894 689 970 Ulhardus‚
715 898 749 961 iu
771 898 842 962 vieo
865 898 935 962 Diui
958 896 1149 962 Vdalrioi.›

522 1019 596 1085 1114,
614 1019 641 1072 di
658 1019 677 1072 f.
696 1035 750 1072 non
769 1019 913 1073 numerati.

523 1124 671 1181 sla-850
687 1140 894 1182 mmmm.
911 1147 951 1168 -·
965 1124 1031 1194 Lag.
1049 1139 1099 1194 per
1116 1123 1145 1179 la
1166 1124 1248 1196 quale
1271 1125 1295 1180 si
1320 1123 1336 1180 ὸ
1359 1125 1505 1196 adoperato
1529 1141 1566 1180 un
1590 1125 1689 1196 ‹loppio
1709 1124 1796 1195 foglio
1821 1124 1849 1180 di

469 1247 643 1303 pergamena,
660 1231 731 1286 tolto
749 1230 784 1285 ds
801 1248 838 1286 un
856 1247 905 1286 ma
923 1247 941 1284 a
957 1230 1010 1285 due
1034 1229 1158 1297 solonae,
1181 1234 1345 1288 contenente
1368 1248 1406 1286 uu
1424 1234 1539 1287 trattuto
1563 1231 1612 1287 lat
1631 1232 1777 1302 esegetieo,
1795 1247 1849 1288 ser.

470 1338 517 1394 nel
534 1354 588 1395 see
606 1353 663 1394 xrr.

321 1532 379 1604 86.
401 1533 557 1604 Hotman
579 1535 695 1604 Frano.
719 1571 763 1586 —
787 1535 933 1599 «Fraus.
950 1538 963 1614 Ι
981 1535 1131 1600 Hotmani
1146 1539 1159 1616 Ι
1175 1534 1388 1601 iurisoonsulti
1404 1541 1418 1617 Ι
1434 1535 1575 1620 Operum
1591 1537 1605 1615 Ι
1621 1532 1704 1622 (etc.)
1720 1535 1846 1602 Adieeti

481 1647 554 1708 sunt
576 1641 696 1707 indices
720 1640 790 1714 duo,
807 1661 888 1706 unus
902 1641 1075 1714 titulorum,
1099 1641 1182 1707 alter
1197 1660 1305 1706 rerum
1317 1644 1331 1721 Ι
1343 1640 1574 1725 verborumque
1597 1639 1848 1707 memorabilium

475 1746 615 1834 (deeora
635 1753 805 1815 sosteouta
819 1748 866 1813 do
880 1747 946 1812 due
960 1747 1068 1829 mons}
1087 1766 1150 1813 eon
1171 1745 1280 1832 serpe)
1303 1745 1511 1813 Exoudebant
1521 1751 1534 1828 Ι
1549 1745 1713 1813 Haeredes
1736 1747 1849 1814 Eusta-

472 1855 532 1921 tbii
554 1855 730 1940 Vignon‚
754 1859 787 1919 et
809 1851 941 1918 lacobus
963 1853 1363 1933 Stoerlrs.o.xoix.›

525 1993 587 2050 Vol.
605 1992 623 2049 3
641 1995 670 2049 in
687 1993 734 2048 fol.
753 2021 787 2035 -
806 1993 947 2062 Frontesp.
971 1992 1106 2060 istoriato,
1125 1991 1179 2048 ino.
1196 1992 1226 2047 in
1245 1992 1335 2063 legno.

525 2101 592 2172 Leg.
610 2102 639 2156 in
657 2100 730 2172 pelle
747 2100 834 2155 suino.
853 2128 887 2144 -
904 2098 957 2154 Nol
975 2097 1028 2154 Dr.
1048 2115 1064 2155 e
1081 2099 1127 2154 nel
1145 2098 1181 2156 B.
1201 2096 1216 2154 b
1235 2099 1365 2170 impressa
1383 2099 1412 2155 la
1428 2099 1588 2170 stampiglia
1606 2101 1633 2156 S.

322 2297 380 2370 87.
403 2297 595 2369 Ferrettus
620 2299 710 2364 Aem.
744 2333 788 2348 -
824 2316 842 2361 ‹
859 2299 969 2383 Magni
981 2298 995 2376 Ι
1007 2296 1133 2382 Aemyl.
1150 2296 1299 2370 Ferretti,
1313 2299 1327 2377 Ι
1339 2299 1549 2362 antecessoris
1578 2299 1671 2363 aveni
1682 2300 1696 2378 Ι
1709 2299 1847 2372 oriensis,

478 2405 764 2471 iureconsultorum
773 2406 787 2484 Ι
794 2409 924 2469 nostrae
939 2404 1051 2469 aetatis
1063 2403 1158 2468 facile
1166 2405 1179 2483 Ι
1187 2403 1338 2489 principis
1346 2407 1360 2485 Ι
1369 2423 1475 2489 opera,
1489 2422 1569 2488 quae
1584 2403 1696 2469 haberi
1711 2423 1850 2490 unquam

479 2516 658 2598 potuerunt,
683 2512 796 2575 omnia.
810 2513 823 2591 Ι
836 2509 956 2584 Quibus
978 2512 1190 2582 eontinentur,
1212 2513 1278 2574 tam
1300 2529 1390 2594 quae,
1421 2510 1495 2575 dum
1526 2511 1656 2583 Romae,
1680 2511 1848 2586 Avenioni‚

481 2624 514 2685 et
535 2618 704 2686 Valentiae
725 2614 930 2702 profiteretur
949 2614 1031 2703 (etc.)
1048 2635 1120 2681 eum
1134 2615 1212 2680 Vita
1226 2617 1384 2690 Auctoris,
1401 2622 1434 2682 et
1448 2615 1552 2681 indice
1568 2617 1644 2682 satis
1666 2617 1758 2704 largo
1773 2614 1850 2702 (iao.

477 2729 753 2810 roppresemante
767 2742 839 2788 una
852 2724 965 2809 figura
979 2742 1020 2788 su
1035 2741 1131 2789 eeaoo
1147 2723 1256 2788 aloto:
1271 2721 1414 2810 rastros)
1427 2726 1441 2802 Ι
1456 2723 1541 2789 1598
1552 2724 1566 2802 Ι
1578 2723 1853 2789 Franoofurti

478 2852 521 2898 ex
542 2829 667 2896 officina
688 2831 732 2895 M.
756 2829 929 2895 Zachariae
952 2828 1179 2902 Palthenii‚
1203 2828 1375 2914 sumptibus
1398 2830 1524 2894 lonae
1547 2828 1752 2895 Rhodii.»

530 2971 591 3026 Vol.
609 2971 637 3025 in
656 2970 681 3024 4.

528 3077 594 3148 Leg.
614 3077 642 3132 in
660 3076 733 3147 pelle
751 3076 837 3130 suine.
856 3105 890 3118 -
909 3075 960 3130 Nel
978 3072 1030 3129 Dr.
1050 3091 1065 3129 e
1085 3074 1129 3130 nel
1147 3073 1188 3131 B.
1203 3074 1361 3144 stampiglia
1381 3076 1407 3129 S.

325 3273 384 3345 88.
407 3273 564 3344 Iiexioon
586 3273 677 3341 iurid.
703 3309 746 3323 -
762 3291 780 3336 ‹
797 3273 938 3338 Lexioon
950 3275 963 3353 Ι
974 3270 1140 3337 iuridioum
1152 3273 1166 3351 Ι
1177 3270 1240 3336 hoo
1255 3275 1303 3336 est
1314 3272 1328 3350 Ι
1339 3271 1417 3336 iuris
1436 3271 1537 3337 civilis
1561 3277 1593 3336 et
1615 3291 1654 3336 ca
1664 3275 1679 3353 Ι
1691 3273 1796 3339 nouioi
1819 3274 1855 3339 iu

480 3383 590 3450 schola
611 3385 705 3466 atque
717 3382 731 3460 Ι
742 3379 813 3444 foro
831 3379 1018 3444 usitatarum
1041 3397 1154 3444 vocum
1176 3378 1292 3443 Penus.
1317 3375 1400 3464 (ete.)
1428 3377 1572 3442 Aooessit
1599 3376 1719 3464 Legum
1745 3379 1853 3464 populi

480 3489 615 3556 Romani
626 3491 640 3569 Ι
652 3488 795 3573 copiosus
818 3484 923 3550 index.
948 3482 1023 3570 (ine.
1047 3489 1324 3567 roppresentaote
1344 3504 1395 3550 un
1408 3482 1521 3551 albero
1537 3503 1555 3550 e
1569 3484 1636 3550 due
1650 3486 1768 3571 figure,
1783 3504 1855 3550 una

481 3597 539 3663 obe
562 3593 704 3678 inaoffia
727 3588 872 3666 l'atboro,
897 3611 915 3657 e
938 3588 1059 3667 t'allro,
1083 3591 1142 3657 obe
1171 3587 1190 3654 ἑ
1218 3590 1255 3665 in
1277 3595 1344 3656 atto
1374 3590 1410 3655 di
1436 3590 1641 3675 plantare.»
1667 3590 1855 3656 Excudebat

483 3700 614 3767 lacobus
637 3699 891 3780 Stoerl1594.
909 3718 927 3762 »
1033 3799 1039 3806 ’

533 3841 594 3896 vor.
613 3841 641 3894 sn
660 3841 685 3895 4.

532 3948 598 4018 aeg.
617 3948 645 4002 in
663 3948 736 4018 poue
753 3947 840 4000 susus.
859 3975 893 3988 -
911 3945 963 4000 Ner
982 3944 1034 3998 or.
1053 3949 1149 4013 semp.
1169 3947 1254 3998 eene.
1275 3944 1301 4010 s,
1319 3943 1364 3998 ne
1383 3943 1419 3998 ra
1439 3947 1536 4013 semp.
1555 3910 1632 3996 eslf.

325 4165 388 4236 89.
411 4160 623 4236 Bibliander
645 4161 839 4227 Theodorus.
875 4196 918 4210 -
953 4160 1033 4224 ‹De
1064 4159 1186 4223 ratione
1216 4158 1306 4235 tem!
1318 4176 1446 4242 porum,
1478 4157 1659 4222 christianis
1672 4157 1685 4236 Ι
1698 4154 1792 4221 rebus
1825 4161 1858 4221 et

483 4267 710 4356 cognoscendis
725 4272 757 4333 et
772 4266 919 4353 explicari
932 4267 945 4347 Ι
957 4266 1004 4331 dis
1020 4263 1232 4337 accomodata,
1249 4263 1346 4328 Liber
1368 4283 1448 4328 unus
1461 4267 1474 4344 Ι
1487 4261 1654 4328 Theodoro
1674 4260 1858 4327 Bibliandro

483 4382 602 4442 autore.
632 4375 939 4440 Demonstrationum
963 4373 1067 4451 ohrol
1079 4370 1296 4456 nologiearum
1318 4368 1400 4435 liber
1422 4369 1512 4442 alius,
1537 4388 1574 4433 eo
1587 4373 1600 4450 Ι
1613 4367 1684 4433 dem
1707 4370 1857 4447 autores

489 4484 567 4551 Cum
581 4481 739 4567 locuplete
763 4500 870 4545 rerum
888 4485 920 4545 et
933 4478 1105 4544 verborum
1120 4478 1153 4540 in
1166 4479 1179 4556 Ι
1192 4480 1326 4559 utroque
1349 4473 1598 4540 memorabilium
1609 4480 1623 4558 Ι
1636 4474 1747 4539 indice.
1760 4476 1774 4552 Ι
1787 4475 1860 4538 Ba·

485 4590 664 4655 sileae.»
689 4589 732 4653 In
754 4589 840 4674 fine:
862 4587 1032 4664 Basileae)
1046 4586 1078 4649 in
1101 4581 1227 4648 officina
1257 4581 1367 4646 Barth.
1399 4580 1688 4654 Vuesthineri,
1712 4577 1858 4665 sumptib.

485 4715 563 4761 vero
586 4695 714 4760 Ioannis
724 4697 738 4775 Ι
752 4693 927 4778 Oporini
951 4694 1044 4757 Anno
1068 4690 1087 4754 A
1110 4689 1235 4755 Christo
1258 4707 1284 4753 u
1298 4736 1304 4750 .
1318 4706 1340 4752 o
1354 4736 1360 4750 .
1373 4704 1480 4752 xuni.
1504 4686 1617 4751 Mense
1639 4686 1821 4771 Augusti.»

537 4834 576 4890 In.
594 4834 620 4889 8.

538 4942 604 5013 Leg.
623 4957 713 4997 mezza
731 4940 803 5012 pelle
821 4941 907 5006 suine,
925 4954 1006 4994 senza
1024 4935 1122 4992 ornati.
