4366 6052
884 456 1083 521 -lll—

233 592 299 665 182.
322 593 538 666 Rememius
554 598 721 663 Rcinerus.
735 618 809 661 -‹
826 598 994 663 Methodus
1007 602 1019 678 Ι
1031 596 1158 683 legendi
1174 616 1364 682 cognoscen-
1372 602 1385 680 Ι
1394 597 1486 681 dique
1502 597 1666 663 historiam
1680 604 1746 664 tam

367 696 493 769 sacram
507 723 601 789 quam
616 705 792 790 profanam.
806 711 819 788 Ι
831 706 977 770 Accessit
988 709 1000 786 Ι
1013 705 1115 769 oratio
1131 703 1171 768 de
1185 704 1338 769 historiae
1354 703 1485 789 dignita·
1496 709 1509 786 Ι
1520 709 1553 770 te
1569 705 1747 771 Generibus

367 812 435 877 siue
457 810 607 897 partibus,
632 817 695 895 atq;
719 812 863 897 inprimis
886 832 933 885 ea,
958 831 1027 895 quae
1052 810 1091 876 de
1113 811 1269 896 gentilita-
1281 815 1293 891 Ι
1306 809 1388 875 tibus
1411 812 1486 897 agit,
1510 831 1571 877 nec
1586 832 1650 876 non
1665 812 1745 898 alijs

368 936 438 1000 quaa
460 917 500 981 ad
523 917 605 982 idem
635 923 856 1003 argumentum
886 918 1088 1004 pertinentia,
1112 918 1235 982 moneri
1262 918 1429 998 utili-lter
1452 937 1543 1002 posse
1565 919 1634 983 visa
1656 925 1745 993 sunt;

367 1021 475 1088 habita
496 1023 530 1087 in
552 1022 640 1088 acad.
665 1024 867 1089 Francofurt.
891 1042 977 1089 nunc
999 1023 1078 1089 vero
1107 1023 1250 1108 recogni·
1263 1026 1275 1103 Ι
1288 1028 1329 1095 ta,
1355 1019 1635 1109 &appendicibus
1665 1043 1747 1088 non·

367 1128 463 1194 nullis
485 1135 587 1195 aucta.
601 1131 707 1211 sltem
723 1135 735 1212 Ι
749 1131 979 1217 Panegyricus,
996 1131 1133 1216 scriptus
1148 1131 1181 1193 in
1197 1129 1352 1194 bonorem
1374 1129 1564 1203 festiuitatis,
1581 1149 1644 1215 qua
1658 1150 1748 1196 reue·

368 1236 492 1301 rendis-
504 1240 517 1317 Ι
529 1237 625 1301 simus
638 1233 672 1305 dn
683 1238 840 1303 illustriss.
858 1239 966 1303 Princ.
983 1257 1021 1301 ac
1037 1238 1095 1301 Dn.
1117 1237 1278 1301 Henricus
1294 1236 1401 1309 Iulius,
1417 1237 1558 1302 Antistes
1582 1237 1745 1319 umber-y

368 1341 446 1408 stad.
464 1339 526 1411 &c
542 1343 615 1408 Dux
630 1345 801 1409 Brunouic.
819 1341 853 1413 dr
868 1343 1049 1428 Luneburg.
1068 1338 1129 1410 &c
1147 1345 1180 1408 in
1203 1344 1411 1429 Episcopatus
1433 1343 1517 1408 Min·
1529 1347 1542 1423 Ι
1555 1343 1659 1408 densis
1674 1364 1746 1429 pos·

370 1450 543 1514 sessionem
566 1449 742 1515 inducetur.
757 1451 922 1531 lAuctore
934 1455 947 1530 Ι
960 1451 1100 1515 Reincro
1124 1450 1296 1515 Rcineccio
1320 1449 1522 1514 Steinhemio.
1536 1453 1548 1531 Ι
1561 1449 1612 1514 Ad
1627 1450 1747 1515 calcem

367 1554 473 1620 addita
495 1561 543 1620 est
567 1555 892 1623 Commentatiuncula
915 1556 954 1622 dc
969 1556 1183 1622 Widechindo
1206 1556 1333 1641 Magno,
1347 1561 1447 1641 (roge
1470 1556 1587 1622 Saxon.
1605 1557 1748 1642 Dynasta

369 1661 635 1747 Angriuariorum
659 1659 720 1730 &c
744 1663 867 1729 additus
889 1663 930 1728 ad
953 1664 1128 1728 Reincrum
1160 1663 1324 1727 Reinocci·
1335 1668 1347 1743 Ι
1360 1682 1413 1727 um
1435 1661 1517 1727 liber
1544 1663 1747 1748 epistolarum

368 1768 601 1842 historicarum,
615 1789 672 1834 seu
687 1770 726 1835 de
742 1770 929 1836 editionibus
945 1771 1012 1834 eius
1023 1770 1149 1834 histori·
1155 1774 1168 1851 Ι
1177 1771 1223 1834 cis
1233 1788 1293 1854 por
1303 1789 1403 1833 annos
1415 1770 1506 1834 XVI.
1520 1771 1720 1856 scriptarum.
1734 1776 1746 1851 Ι

369 1875 444 1955 (iac.
468 1876 506 1940 in
528 1877 645 1962 lepno:
666 1878 779 1962 fipuro
802 1877 838 1942 di
860 1877 977 1943 donoc
999 1876 1058 1942 obe
1081 1876 1166 1942 tiene
1189 1877 1274 1942 oolla
1296 1876 1409 1942 desire
1431 1894 1503 1941 uno
1524 1875 1599 1958 foce
1621 1896 1639 1944 e
1662 1877 1748 1943 cotto

370 1981 508 2048 maistre
536 2002 586 2046 uo
616 1982 721 2066 libro;
751 1984 885 2050 iatomo
919 1980 937 2047 ἑ
970 1982 994 2047 it
1028 1987 1148 2049 modo:
1178 2001 1198 2047 n
1229 1999 1392 2048 rnnnnnrs
1423 2000 1536 2048 nvonm
1566 2000 1633 2048 non
1669 2001 1747 2048 cou-

373 2090 451 2170 rna)
468 2092 480 2169 Ι
498 2088 724 2154 Holmaestadii
740 2094 752 2170 Ι
769 2087 956 2154 Excudebat
990 2087 1122 2153 Iacobus
1157 2089 1309 2153 Lucius
1344 2088 1573 2174 Tansyluanus.
1592 2094 1605 2171 Ι
1621 2089 1746 2169 Anno!

368 2212 642 2260 u.n.uxxx111.
661 2218 678 2259 ›
1102 2210 1105 2217 ’

421 2332 451 2387 In
469 2333 517 2388 fol.

419 2440 485 2511 Lag.
503 2441 533 2494 in
552 2440 625 2511 pelle
643 2441 730 2495 suine.
750 2470 783 2484 -
804 2441 927 2512 Impress
947 2447 1032 2497 contr.
1052 2443 1111 2496 BB.
1132 2441 1177 2496 nel
1196 2440 1248 2496 Dr.
1267 2457 1283 2496 a
1301 2441 1347 2496 nel
1365 2440 1400 2496 lt

233 2668 301 2741 l83.
326 2667 560 2742 Valladerius
582 2674 738 2739 Andreas.
763 2711 806 2724 -
831 2675 1034 2761 «Speculum
1046 2680 1059 2756 Ι
1071 2676 1233 2760 sapientiae
1256 2675 1443 2739 matronalis
1459 2678 1527 2755 lex
1549 2674 1614 2738 rita
1629 2679 1748 2738 sanctae

369 2778 550 2845 Franciscae
566 2786 579 2862 Ι
593 2781 745 2847 Romanae
768 2780 957 2847 fundatricis
980 2782 1131 2847 Sororum
1143 2785 1156 2862 Ι
1168 2782 1280 2847 Turris
1311 2781 1529 2866 Speculorum.
1543 2783 1556 2862 Ι
1568 2781 1748 2866 Panegyri-

368 2905 434 2960 cus,
446 2889 460 2967 Ι
472 2886 617 2952 Authoro
632 2886 764 2952 Andros
775 2886 970 2961 Valladcrio,
985 2891 997 2969 Ι
1009 2907 1029 2952 a
1040 2887 1156 2954 Sancto
1170 2887 1271 2952 Paulo
1279 2891 1293 2968 Ι
1302 2887 1491 2960 Foresiensi,
1506 2887 1613 2953 Sacrae
1625 2886 1747 2966 Theo-s

367 2991 461 3077 logiae
484 2993 629 3067 Doctore,
644 2998 657 3074 Ι
671 2994 894 3058 Protonotario
910 2993 1101 3080 Apostolico,
1127 2994 1225 3079 Regis
1249 2993 1445 3067 consiliario,
1474 2993 1747 3078 Eleemosynario,
1888 3039 1891 3047 .

371 3092 405 3165 dt
421 3096 651 3164 concionatore
663 3104 676 3181 Ι
690 3099 851 3164 ordinario
868 3100 1143 3166 christianissimae
1160 3099 1300 3165 eiusdem
1312 3104 1324 3181 Ι
1337 3101 1520 3165 Maiestatis.
1534 3105 1547 3181 Ι
1559 3099 1600 3164 ad
1615 3100 1749 3165 sanctis·

371 3205 483 3270 simum
507 3204 666 3270 dominum
690 3212 833 3272 nostrum
846 3210 858 3286 Ι
871 3207 1070 3293 PaulumV.
1095 3207 1188 3272 Pont.
1213 3208 1299 3272 Max.
1321 3207 1382 3281 Qui
1394 3212 1406 3289 Ι
1419 3208 1551 3272 Beatam
1573 3225 1676 3292 nuper
1699 3225 1749 3270 so-

368 3309 457 3377 lenni
480 3312 544 3377 ritu
566 3313 774 3385 consecrauit,
799 3315 893 3378 Anno
906 3317 919 3394 Ι
931 3313 1063 3378 salutari
1087 3331 1137 3378 c1o
1154 3332 1217 3379 .nc
1233 3362 1240 3377 .
1255 3331 1341 3379 v111.
1365 3312 1416 3378 Ad
1432 3314 1488 3378 IV.
1508 3312 1580 3378 Kal.
1606 3314 1721 3377 Iunias.
1736 3316 1748 3393 Ι

370 3415 576 3483 Pontificatus
599 3419 647 3483 sui
669 3420 753 3484 Ann.
780 3420 836 3483 IV.
851 3422 864 3499 Ι
876 3419 965 3484 Fecit
989 3414 1169 3487 &labrum
1193 3439 1317 3485 aeneum
1340 3440 1411 3484 cum
1434 3418 1501 3484 basi
1525 3438 1591 3492 sua,
1616 3418 1655 3483 de
1682 3438 1750 3503 spe·

372 3523 452 3588 culis
474 3524 653 3598 mulierum,
679 3529 763 3608 (etc.)
777 3526 1004 3607 [Parisiis.
1018 3525 1194 3613 l—Apud
1212 3526 1385 3591 Iohannem
1410 3526 1584 3598 Richer,
1608 3526 1660 3588 via
1679 3525 1749 3588 Diui

371 3630 499 3695 Ioannis
524 3631 755 3704 Lateranensis,
780 3630 838 3696 sub
860 3630 987 3697 Arbore
1009 3632 1190 3698 virescenti.
1208 3638 1220 3713 Ι
1234 3652 1284 3698 cm
1299 3651 1340 3698 nc
1354 3682 1360 3697 .
1375 3652 1412 3697 rx
1425 3682 1431 3694 .
1445 3636 1457 3712 Ι
1471 3632 1548 3697 Cum
1573 3630 1748 3715 Priuilegio

372 3735 515 3823 Regis»

421 3875 452 3931 In
471 3878 497 3930 4.

421 3982 487 4053 Leg.
506 3983 536 4038 in
554 3983 627 4054 polle
645 3984 733 4038 suino.
752 4012 785 4026 -
804 3982 928 4054 Impress.
947 3988 1032 4039 contr.
1055 3983 1084 4039 0.
1103 3984 1149 4038 nel
1168 3983 1220 4040 Dr.
1238 4000 1254 4039 e
1273 3983 1326 4039 nel.
1345 3983 1381 4039 lt

233 4208 304 4283 tm.
327 4210 542 4284 Reineccius
557 4215 725 4281 Reinerus.
742 4251 786 4266 -
803 4235 821 4278 ‹
838 4215 980 4281 Historia
997 4215 1085 4279 Iulia.
1099 4219 1111 4295 Ι
1124 4216 1191 4279 sivo
1203 4218 1216 4294 Ι
1228 4220 1397 4301 syntagma
1409 4219 1422 4297 Ι
1434 4214 1610 4279 heroicum.
1624 4217 1636 4294 Ι
1654 4211 1750 4298 Cujus

370 4340 448 4408 pars
469 4322 581 4407 prima,
605 4341 699 4406 quam
722 4321 893 4387 subiectam
909 4320 1002 4386 modo
1017 4320 1135 4392 damus,
1160 4321 1257 4384 conti·
1268 4324 1281 4400 Ι
1292 4325 1348 4385 net
1366 4320 1586 4385 Monarchiam
1606 4319 1748 4405 primam,

370 4427 433 4493 hoc
447 4431 504 4501 est,
522 4426 744 4494 chaldeorum
760 4424 795 4496 dn
806 4433 818 4508 Ι
830 4428 1037 4513 Assyriorum
1049 4427 1224 4511 imperium,
1240 4427 1314 4492 item
1330 4427 1444 4512 Regna
1459 4427 1545 4491 LIII.
1559 4425 1749 4511 implicatam

371 4534 457 4620 ΒΗ
470 4535 604 4599 nastiam
627 4553 731 4608 unam,
756 4532 955 4619 Tyrannides
978 4532 1072 4607 duas;
1097 4551 1167 4615 quae
1193 4533 1255 4597 sin·
1265 4533 1363 4618 ygula
1389 4532 1528 4598 eiusdem
1551 4531 1750 4596 Monarchiae

369 4645 514 4726 tompore
526 4644 538 4720 Ι
550 4639 736 4706 floruerimt.
757 4641 898 4705 Auctore
910 4644 923 4720 Ι
936 4640 1076 4705 Rcinero
1100 4639 1271 4704 Reineccio
1289 4643 1301 4720 Ι
1315 4638 1550 4711 Steinhemmio,
1578 4637 1749 4702 academiae

371 4747 461 4812 Iuliae
473 4750 486 4826 Ι
499 4748 668 4812 Historico.
682 4751 695 4828 Ι
707 4747 788 4812 Usus
806 4747 901 4812 totius
918 4745 1032 4831 Operis
1048 4749 1135 4830 patet
1149 4743 1167 4809 b
1183 4745 1345 4828 prooemio.
1363 4743 1441 4819 Quae
1460 4745 1608 4809 nimirum
1630 4743 1696 4808 tim
1711 4742 1750 4808 dc

371 4853 511 4939 Populis,
536 4852 628 4937 quim
652 4853 690 4918 de
714 4852 854 4917 Familiis
878 4853 1059 4937 imperiosis
1081 4856 1234 4916 accurata
1260 4851 1441 4936 explanatio
1450 4852 1534 4930 est!
1546 4849 1632 4932 (etc.)
1645 4853 1657 4930 Ι
1672 4848 1697 4930 (i
1741 4898 1748 4912 .

371 4958 410 5025 in
439 4959 535 5047 tepno
565 4978 684 5044 rappr.
715 4978 764 5024 an
789 4957 971 5043 pellicano)
999 4958 1076 5024 Gum
1107 4956 1289 5043 Priuilegiis
1301 4960 1313 5034 Ι
1325 4956 1497 5023 Sacratiss:
1522 4956 1600 5024 Oaes.
1625 4957 1748 5021 Maiest.
