4366 6052
983 428 1181 493 -108-

318 574 399 645 470.
424 572 613 645 Skanacus
644 573 789 637 Ioannes.
821 604 865 619 -
893 588 912 633 ‹
929 570 1063 654 Regiam
1075 573 1088 648 Ι
1102 569 1300 634 Maiestatem
1313 571 1326 648 Ι
1339 568 1471 639 scotiae,
1487 572 1500 648 Ι
1511 571 1639 632 veteres
1666 566 1756 651 leges
1791 571 1822 631 et
1833 571 1845 645 Ι

468 680 717 749 constitutiones,
742 697 784 741 ex
806 694 856 739 ar·
867 680 881 756 Ι
893 675 994 741 chivis
1017 674 1159 760 publicis,
1192 681 1224 740 et
1245 676 1382 758 antiquis
1403 674 1494 739 libris
1507 677 1520 753 Ι
1533 673 1758 756 Manuscriptis
1782 673 1846 737 coi·

467 786 579 858 lectae,
603 785 797 868 recognitae,
822 789 855 848 et
877 783 959 846 notis
983 783 1067 847 Iuris
1098 781 1215 853 Civilis,
1241 781 1338 846 Cano
1350 786 1362 861 Ι
1375 782 1447 846 uici.
1473 781 1691 846 Nortmanuici
1714 781 1846 844 auctori-

467 896 533 958 tate
563 887 765 962 confirmatis,
797 889 973 960 illustrata,
1008 907 1106 973 opera
1141 893 1173 952 et
1196 887 1299 952 studio
1314 890 1327 968 Ι
1341 888 1467 952 Ioannis
1501 886 1698 959 Skanaei,
1736 886 1845 969 Regiae

469 997 629 1083 Majestati
651 994 671 1058 d
694 995 844 1080 Couciiijs
856 998 870 1076 Ι
883 999 915 1060 et
936 994 1088 1058 Archivis
1118 992 1268 1058 Publicis.
1283 999 1295 1072 Ι
1308 994 1511 1058 Annotantur
1533 994 1566 1057 in
1590 994 1746 1077 Margine,
1772 1010 1845 1056 con-

468 1102 652 1168 cordantiae
677 1102 760 1165 iuris
782 1101 923 1180 Divinis
935 1100 1055 1184 Legum
1077 1099 1223 1184 Angliae,
1256 1106 1287 1165 et
1318 1100 1401 1164 luris
1423 1101 1583 1164 novissimi
1607 1099 1731 1164 Scotiae
1744 1096 1846 1181 [quod

467 1214 540 1274 acta
562 1208 779 1280 Pariiamenti,
803 1205 907 1291 vulgo,
932 1211 1063 1270 vocant:
1089 1201 1172 1290 (etc.)
1185 1209 1198 1285 Ι
1211 1203 1288 1291 (iac.
1307 1225 1425 1288 rappr.
1444 1207 1475 1272 lo
1498 1211 1638 1271 stemma
1661 1204 1845 1270 britannico

469 1316 519 1381 col
535 1319 655 1381 motta:
671 1332 753 1380 ornv
772 1332 813 1378 ur
837 1331 907 1378 uon
924 1316 1037 1394 onom)
1052 1316 1064 1391 Ι
1077 1311 1220 1381 Londini,
1234 1319 1246 1391 Ι
1258 1310 1340 1396 apud
1364 1313 1515 1377 ioannem
1543 1311 1728 1384 Billium,
1754 1311 1846 1375 Anno

468 1421 600 1485 Domini.
630 1419 721 1484 1613.
737 1423 749 1500 Ι
764 1419 841 1484 Cum
864 1418 1038 1503 Privilegio
1061 1418 1182 1502 Regiae
1205 1419 1426 1482 Maiestatis.»

523 1557 552 1612 ln
571 1559 617 1613 iol.

520 1664 588 1734 Lag.
607 1665 634 1718 in
653 1664 831 1735 pellendae,
850 1680 901 1718 con
920 1664 1041 1733 impress.
1061 1666 1146 1717 centn
1167 1664 1196 1717 P.
1216 1663 1261 1717 nei
1280 1662 1331 1717 Dr.
1351 1680 1365 1717 e
1384 1663 1428 1717 nel
1448 1662 1483 1717 R.

322 1877 398 1949 471.
422 1874 609 1964 Virgilius
625 1875 687 1965 (P.)
703 1878 804 1943 Maro.
825 1913 869 1927 —
894 1876 1003 1942 «Pub.
1017 1877 1172 1962 tvirgiiii
1185 1879 1198 1957 Ι
1209 1878 1351 1943 Maronis
1363 1881 1376 1958 Ι
1389 1877 1619 1942 Bucolicorum.
1645 1876 1759 1963 egloge
1778 1877 1821 1941 X.
1835 1879 1847 1954 Ι

471 1985 709 2070 Georgicorum,
733 1983 808 2048 libri
831 1983 907 2048 iiii.
922 1985 935 2064 Ι
948 1984 1114 2051 Aeneidos,
1131 1982 1205 2048 libri
1222 1985 1297 2048 XII.
1311 1988 1325 2065 Ι
1337 1985 1379 2048 ut
1402 1985 1434 2046 in
1451 2003 1497 2055 ea,
1511 1987 1524 2063 Ι
1536 1985 1641 2048 Mauri
1665 1983 1769 2048 Servii
1786 1983 1848 2047 Ho

470 2093 575 2156 norati
589 2094 602 2171 Ι
614 2091 811 2176 grammatici
835 2091 1051 2154 commentarii
1076 2110 1117 2153 ex
1132 2091 1292 2172 antiquiss.
1313 2089 1395 2174 (cic.)
1405 2095 1417 2169 Ι
1430 2088 1506 2172 (iac.
1523 2090 1560 2154 ia
1577 2091 1673 2175 legno
1697 2109 1761 2155 coa
1783 2089 1848 2154 dae

471 2198 617 2284 acapna
633 2198 766 2263 iadorae
782 2196 806 2260 it
821 2200 935 2261 molto:
950 2214 1084 2260 unisona
1099 2214 1236 2260 ramam
1252 2214 1357 2261 rvvu.
1375 2200 1431 2260 cic.
1449 2215 1494 2261 vr
1511 2214 1558 2259 sis
1575 2214 1760 2260 noneavrs
1778 2199 1845 2268 eic.;

469 2308 562 2378 sotto,
586 2321 737 2388 monogr.
763 2302 816 2367 dcl
842 2299 1010 2387 iipoproso
1034 2320 1139 2383 comp.
1165 2302 1246 2367 colle
1269 2302 1331 2366 leit.
1357 2300 1387 2365 S.
1410 2302 1446 2365 N.
1475 2301 1528 2366 cui
1551 2299 1569 2364 ἑ
1591 2320 1749 2383 noeropp.
1777 2320 1847 2365 aaa

472 2428 566 2475 crece
590 2427 613 2472 a
634 2409 760 2490 duppin
783 2413 856 2472 asia
879 2404 997 2493 oriza)
1021 2407 1220 2479 Parisiis,
1234 2409 1248 2485 Ι
1260 2406 1342 2491 apud
1361 2406 1578 2471 Sebastianum
1603 2407 1845 2476 Niveilinm

471 2516 523 2579 via
547 2513 709 2586 Iacobaea,
734 2513 790 2578 sub
815 2514 950 2578 Ciconiis
974 2532 1000 2577 m
1013 2562 1019 2574 .
1033 2532 1055 2577 n
1069 2563 1075 2575 .
1090 2531 1107 2577 o
1122 2513 1242 2593 ,Ιῦωη
1265 2513 1451 2599 privilegijs,
1476 2514 1561 2596 (etc.)
1579 2534 1596 2576 »

526 2652 555 2707 In
574 2653 621 2706 fol.

527 2761 593 2830 Lag.
613 2761 641 2814 in
659 2759 732 2830 pelle
750 2760 836 2826 suine,
854 2774 906 2813 con
924 2759 1045 2829 impress.
1065 2763 1149 2814 centr.
1170 2760 1200 2818 Q.
1220 2758 1265 2813 nel
1280 2757 1333 2813 Dr.
1353 2775 1368 2813 e
1387 2760 1420 2813 R.
1439 2759 1485 2813 nel
1503 2757 1538 2814 R.

324 2971 404 3044 472.
427 2970 1844 3059 Martialisiti.vaieri1a.-‹M.VaieriisMamaeum-sgrammatumsiibriomnes,t

471 3082 561 3146 novis
585 3081 827 3152 commentariis,
844 3079 968 3161 [muita
983 3099 1070 3152 cura,
1087 3078 1260 3163 studioque.
1285 3080 1447 3152 coniectis,
1462 3082 1475 3158 Ι
1488 3080 1646 3164 explicati,
1663 3079 1845 3158 mastratis

470 3207 490 3252 a
512 3186 665 3252 Matthaeo
689 3185 825 3259 Radero,
850 3185 889 3251 de
901 3188 914 3265 Ι
927 3185 1083 3252 Societate
1108 3186 1188 3250 iesu.
1216 3186 1290 3264 (iac.
1315 3185 1352 3249 ia
1375 3187 1470 3272 legno
1490 3205 1609 3269 roppr.
1627 3186 1662 3249 ta
1678 3185 1845 3268 Sapienzo

469 3293 507 3358 ia
531 3292 626 3375 piedi
655 3293 707 3358 aul
738 3290 834 3379 giobo
859 3289 1037 3378 terrestre.)
1049 3296 1061 3373 Ι
1076 3290 1349 3377 ingolstadii,
1362 3297 1376 3373 Ι
1389 3313 1431 3356 ex
1461 3292 1704 3378 Typographaeo
1735 3291 1844 3357 Adami

472 3398 805 3478 Sartorii.sAnno
828 3398 952 3462 Domini
975 3416 1193 3463 u.no.11.›

523 3535 553 3591 ln
571 3536 626 3602 fol.;
646 3538 776 3606 frontesp.
795 3552 904 3591 roseco
923 3552 997 3590 nero.

521 3642 587 3711 Lag.
606 3642 635 3696 in
653 3641 725 3712 pelle
743 3643 829 3696 suina.
849 3670 883 3684 -
901 3641 1025 3713 Impress.
1044 3647 1129 3697 contr.
1150 3643 1177 3698 S.
1195 3642 1229 3696 du
1246 3643 1320 3696 ambi
1339 3644 1348 3696 i
1367 3641 1425 3697 lati.

323 3834 576 3908 473.0u1'tius
607 3838 671 3921 (Q.)
705 3838 816 3903 Rufus.
848 3873 892 3888 -
923 3837 995 3913 «Q.
1029 3839 1130 3904 Curtii
1141 3843 1155 3919 Ι
1167 3836 1240 3904 Rufi
1276 3839 1488 3904 Historiarum
1499 3842 1513 3919 Ι
1526 3839 1634 3924 Magni
1665 3838 1843 3904 Alexandri

469 3944 538 4009 Ma·
552 3948 565 4025 Ι
578 3943 706 4009 eodonis
729 3943 817 4008 Libri
841 3943 931 4016 Octo,
944 3947 958 4025 Ι
972 3944 1059 4009 Noua
1082 3944 1166 4010 edite
1193 3943 1227 4011 dr
1250 3946 1406 4030 recogniti
1419 3950 1431 4024 Ι
1446 3947 1475 4009 Α
1491 3949 1505 4027 Ι
1521 3945 1694 4010 Francisco
1717 3945 1822 4010 Modio
1833 3948 1844 4022 Ι

468 4050 635 4136 Brugeusi,
649 4052 663 4130 Ι
675 4049 726 4115 Ad
740 4053 753 4129 Ι
767 4048 1123 4119 Reuereudissimum&
1140 4050 1391 4116 illustrissimum
1402 4054 1416 4130 Ι
1429 4052 1611 4138 Principem
1628 4051 1753 4123 lulium,
1772 4052 1844 4137 Epi-

470 4175 535 4221 sco·
547 4157 560 4234 Ι
572 4176 646 4242 pum
670 4155 942 4242 Herbipoiensem,
967 4156 1089 4236 Fran-l
1102 4158 1159 4221 oiae
1175 4156 1348 4222 Orientalis
1372 4158 1435 4222 Du·
1447 4163 1461 4238 Ι
1471 4178 1541 4222 cem
1564 4153 1623 4238 &l
1635 4178 1778 4223 seorsum
1795 4178 1844 4222 ex·

477 4280 561 4325 cusae
578 4261 717 4326 eiusdem
732 4261 829 4326 Modii
841 4266 855 4342 Ι
866 4263 899 4326 in
916 4262 1050 4327 eundem
1065 4262 1206 4328 Curtium
1218 4266 1232 4342 Ι
1244 4263 1354 4344 Notaes
1367 4299 1410 4314 -
1423 4263 1638 4336 Coloniae,
1651 4270 1663 4343 Ι
1676 4264 1770 4350 Apud
1785 4264 1846 4329 Ma·

471 4370 597 4432 ternum
622 4367 1254 4450 Chalinum.su.n.uxxrx.s0um
1278 4371 1396 4452 (cicli

522 4504 552 4560 ln
571 4505 596 4560 8,

523 4611 589 4682 Lag.
608 4613 636 4666 in
655 4612 727 4683 pelle
745 4613 832 4668 suina.
851 4641 884 4656 -
903 4612 1025 4683 impr-ess
1044 4618 1130 4669 centn.
1154 4615 1183 4668 T.
1202 4614 1247 4669 nel
1267 4613 1318 4670 Dr.
1336 4630 1352 4669 o
1377 4615 1406 4668 U.
1425 4614 1479 4670 nel.
1499 4613 1534 4669 R

323 4803 407 4875 474.
431 4804 570 4878 Statius
592 4809 628 4873 P.
653 4809 813 4894 Papinius.
844 4845 888 4860 —
919 4829 938 4874 ‹
955 4809 1060 4875 Publii
1072 4812 1086 4890 Ι
1098 4811 1223 4897 Papinii
1254 4812 1343 4878 Statii
1355 4816 1369 4891 Ι
1382 4810 1498 4897 Opera,
1512 4814 1525 4891 Ι
1539 4811 1618 4877 Cum
1641 4810 1844 4876 Observatio-

469 4912 560 4979 nibus
585 4914 668 4998 (etc.)
682 4918 696 4994 Ι
709 4915 786 4980 Cum
809 4914 1050 4981 Commentariis
1079 4921 1143 4981 tam
1166 4922 1311 4982 veterum
1341 4916 1434 5001 quam
1456 4936 1509 4982 re·
1522 4921 1535 4997 Ι
1548 4919 1725 4983 cantiorum
1750 4919 1844 4982 Inter·
