4366 6052
991 470 1189 537 -135-

321 609 395 681 571.
416 610 597 682 Brouwel·
624 611 878 697 christophorus.
905 646 949 661 -
973 612 1143 695 ‹Sideras
1156 613 1330 679 Illustrium
1341 617 1355 694 Ι
1366 617 1398 678 et
1427 613 1615 679 Sanctorum
1630 616 1644 693 Ι
1659 613 1815 679 Virorum
1832 615 1847 695 Ι

472 719 525 802 qui
536 718 739 785 Germaniam
753 720 941 803 praesertim
952 722 966 799 Ι
977 737 1124 803 magnam
1139 719 1213 784 olim
1225 722 1238 799 Ι
1250 720 1346 804 gestis
1361 718 1456 784 rebus
1468 721 1481 801 Ι
1493 723 1665 784 ornarunt:
1679 722 1693 800 Ι
1704 719 1735 784 Α
1748 725 1843 786 nocte

472 843 530 890 sua
558 824 737 889 relucentes
748 825 762 903 Ι
773 824 944 890 vindicavit
955 827 969 904 Ι
980 829 1124 890 veterum
1154 845 1226 889 mss.
1250 822 1402 890 beneflcio
1414 828 1427 905 Ι
1440 824 1686 910 christophorus
1708 825 1842 892 Browe·

472 949 528 995 rus
538 933 553 1012 Ι
564 929 728 996 Societatis
758 931 831 995 lesu
859 929 1037 1016 presbyter.
1054 933 1067 1009 Ι
1084 930 1204 995 Ecclcs.
1236 949 1328 995 xurv.
1342 933 1356 1010 Ι
1369 930 1545 996 Laudemus
1557 934 1570 1010 Ι
1583 928 1666 1017 (etc.)
1680 933 1692 1010 Ι
1704 928 1782 1017 (ino.
1807 931 1846 998 in

474 1037 591 1121 tepeo.-
618 1055 877 1123 moaoprommo
905 1037 995 1103 detto
1027 1037 1140 1119 Oomp.
1171 1036 1206 1101 di
1235 1032 1336 1122 Garri)
1359 1036 1436 1102 Cum
1467 1037 1578 1103 Gratia
1607 1042 1639 1103 et
1670 1037 1843 1124 Privilegio

473 1141 560 1208 Saor.
593 1142 708 1208 Caesar.
739 1143 887 1223 Maiestl
906 1143 968 1208 Mo
975 1143 1161 1227 guntiae,
1178 1145 1192 1222 Ι
1208 1143 1259 1207 Ex
1289 1140 1414 1207 officina
1440 1143 1683 1229 Typographica
1714 1145 1844 1210 loannis

473 1248 617 1315 Albini
641 1267 882 1315 u.no.xvr.›

528 1369 560 1425 ln
579 1370 604 1424 4.

526 1476 592 1547 Leg.
610 1477 638 1530 in
658 1476 730 1547 pelle
748 1477 835 1531 suino.
854 1506 888 1520 -
906 1477 1029 1547 Impresa
1048 1482 1133 1533 contr.
1154 1478 1184 1538 Q.
1202 1476 1250 1533 nel
1268 1476 1321 1532 Dr.
1340 1493 1356 1532 e
1373 1477 1420 1533 nel
1438 1476 1474 1532 R.

327 1669 404 1740 572.
416 1692 492 1736 -‹
509 1673 613 1739 Caroli
625 1675 674 1738 III
683 1677 697 1755 Ι
706 1675 859 1740 Sereniss.
873 1675 1041 1739 Potentiss.
1055 1674 1122 1739 Duc
1135 1674 1204 1761 (sic)
1217 1673 1346 1739 Lothar.
1360 1675 1484 1740 March.
1497 1678 1511 1756 Ι
1523 1676 1599 1741 Duc.
1617 1674 1721 1742 Calab.
1742 1676 1848 1741 Barri.

475 1779 585 1847 Gueld.
610 1776 672 1848 doc.
686 1784 700 1861 Ι
712 1784 979 1846 munemusch
995 1780 1083 1861 (Seu
1108 1780 1269 1845 felicitatis
1291 1784 1323 1846 et
1344 1782 1496 1846 virtutum
1526 1783 1655 1867 egregio
1671 1785 1684 1863 Ι
1700 1782 1853 1868 Principe

475 1884 642 1971 dignarum
653 1890 667 1968 Ι
680 1886 813 1952 Coronae
825 1888 839 1966 Ι
850 1887 902 1951 Ex
919 1885 1087 1972 Sapientiae
1101 1886 1203 1952 hortis
1217 1887 1319 1959 lectae,
1336 1892 1556 1972 congestasque
1568 1890 1581 1968 Ι
1593 1888 1626 1952 in
1640 1887 1847 1953 honorarium

476 1994 543 2058 eius
561 1993 752 2074 tumulum!
767 1993 956 2058 -Ponte
978 1991 1018 2058 ad
1041 1992 1206 2058 Montio.
1230 1990 1324 2078 Apud
1343 1994 1406 2057 lac.
1428 1993 1851 2080 GarnichTyp.1609.›

395 2141 400 2149 ·
528 2114 558 2169 la
576 2114 601 2169 4.
621 2114 807 2185 Frontespizio
824 2115 912 2169 inciso
929 2115 959 2168 in
977 2130 1052 2170 ramo
1071 2131 1161 2185 rappr.
1179 2112 1321 2185 l'apoteosi
1339 2114 1367 2169 di
1385 2112 1468 2169 Garlo
1485 2113 1531 2170 111.

527 2220 593 2291 Leg.
612 2221 641 2274 in
660 2219 733 2291 pelle
749 2220 837 2275 ruina.
856 2249 890 2263 -
908 2220 1031 2290 Impress.
1050 2223 1135 2277 contr.
1156 2221 1186 2281 Q.
1204 2220 1251 2276 nel
1268 2219 1322 2276 Dr.
1341 2236 1357 2276 e
1374 2220 1419 2277 nel
1437 2219 1474 2277 Β.

326 2414 405 2485 578.
426 2452 471 2468 -
494 2436 513 2480 ‹
529 2418 674 2502 Tragion,
687 2419 700 2497 Ι
712 2416 775 2482 Seu
796 2417 933 2482 tristium
955 2417 1159 2482 historiarum
1171 2419 1185 2497 Ι
1197 2418 1243 2482 De
1264 2417 1373 2502 poenis
1397 2418 1504 2482 crimi-
1516 2420 1530 2497 Ι
1541 2417 1664 2484 nalibus
1687 2422 1719 2484 et
1733 2418 1850 2499 exitus

476 2523 621 2590 horribili
633 2527 646 2605 Ι
658 2542 768 2588 eorum
779 2525 793 2602 Ι
806 2521 888 2609 (etc).
913 2522 1000 2588 Libri
1027 2525 1069 2588 Il.
1093 2520 1176 2610 (etc.)
1207 2541 1249 2588 ex
1260 2527 1274 2604 Ι
1285 2522 1512 2608 probatissimis
1543 2526 1682 2590 omnium
1711 2528 1849 2590 aetatum

476 2628 681 2715 scriptoribus
703 2648 825 2694 summa
846 2627 907 2695 flde
918 2632 932 2710 Ι
943 2649 983 2695 ac
1004 2629 1166 2715 dihgentia
1188 2629 1306 2695 selecti.
1319 2632 1333 2709 Ι
1345 2629 1496 2704 Adiectus
1520 2636 1569 2696 est
1591 2632 1625 2695 in
1640 2630 1729 2696 calce
1751 2630 1852 2696 index

477 2755 534 2802 sen
555 2734 731 2800 distributio
754 2735 893 2800 omnium
915 2735 1118 2801 historiarum
1144 2755 1202 2820 per
1230 2735 1317 2800 locos
1340 2754 1426 2800 corn·
1438 2738 1452 2815 Ι
1464 2756 1575 2802 munes
1604 2736 1851 2821 locupletissime

477 2841 606 2927 digesta.
619 2846 632 2922 Ι
645 2839 719 2927 (ino.
750 2841 788 2906 in
816 2842 935 2926 lepao:
958 2840 991 2907 S.
1018 2841 1201 2924 Gristoforo
1225 2841 1284 2907 che
1305 2842 1421 2926 pundo
1442 2863 1492 2907 un
1515 2847 1660 2910 torrente
1677 2842 1851 2925 portando

475 2950 560 3015 suite
580 2949 686 3031 spallo
700 2949 725 3012 il
739 2947 904 3015 Bombino
921 2944 1008 3014 Geni
1015 2968 1030 3031 ,·
1044 2949 1177 3015 intorno
1193 2944 1212 3012 ἑ
1226 2948 1251 3012 it
1265 2953 1382 3014 molto:
1398 2967 1648 3016 ramsnvunvu
1663 2965 1723 3016 nsr
1735 2983 1751 2996 ·
1765 2967 1852 3015 nnu-

476 3072 599 3120 mueus
623 3072 723 3129 enos3
738 3059 820 3121 sotto
840 3051 858 3119 ἑ
879 3055 903 3119 it
917 3073 1175 3139 monoprommo
1191 3054 1244 3120 det
1259 3054 1345 3119 med.
1362 3054 1543 3141 tipoprafo)
1561 3053 1673 3120 lsleb
1683 3056 1729 3119 iac
1740 3059 1754 3137 Ι
1767 3055 1849 3119 Pro-

477 3164 610 3225 curante
632 3155 667 3227 dr
687 3163 871 3245 sumptuml
882 3160 1019 3248 faciente
1042 3161 1211 3246 Henningo
1238 3160 1387 3226 Grosio
1410 3160 1541 3246 Bibliop.
1566 3161 1633 3247 Lip.
1646 3163 1660 3241 Ι
1673 3161 1750 3227 (lum
1774 3162 1849 3226 Pri-

480 3267 609 3353 vilegio.
628 3287 646 3332 »

530 3389 608 3444 Tomi
621 3388 649 3452 11
667 3389 696 3443 in
714 3407 751 3444 un
763 3389 817 3445 vol.
829 3389 858 3443 in
870 3388 895 3442 4.
908 3388 961 3445 Nel
972 3388 1058 3458 foglio
1070 3388 1165 3459 provio
1182 3388 1205 3442 si
1223 3388 1319 3458 legge:
1337 3389 1414 3443 «Em
1432 3390 1550 3459 cpr'stola
1567 3391 1735 3445 &dicator-ia
1754 3398 1858 3445 coastat

476 3513 549 3552 mro
564 3495 817 3569 superiorcll596
833 3499 934 3551 editam
952 3499 1040 3566 fuisse
1053 3499 1176 3566 primam
1193 3497 1274 3550 buius
1293 3498 1385 3567 operis
1402 3505 1556 3566 partem.»
1574 3512 1624 3549 ms.

530 3601 597 3673 Leg.
615 3603 644 3657 in
662 3604 735 3675 pelle
753 3603 839 3658 anina.
857 3631 892 3645 -
910 3599 1033 3672 Impress
1052 3605 1136 3656 centr.
1156 3602 1186 3661 Q.
1204 3601 1250 3657 nol
1269 3600 1321 3657 Dr.
1339 3617 1355 3656 e
1372 3600 1419 3656 nel
1437 3599 1471 3655 R.
1491 3617 1542 3655 con
1560 3600 1664 3671 ciappe.

325 3797 437 3870 tua.
461 3797 605 3870 Bmsch
627 3799 758 3885 Gespar.
782 3834 826 3849 -
849 3799 930 3862 ‹De
946 3798 1118 3870 Laureaco,
1131 3801 1144 3877 Ι
1159 3799 1261 3862 veteri
1283 3795 1449 3862 admodum
1472 3816 1532 3880 que
1548 3798 1562 3875 Ι
1577 3795 1696 3861 celebri
1719 3796 1793 3860 olim
1819 3797 1853 3860 in

478 3907 595 3972 Norico
605 3910 619 3988 Ι
631 3907 767 3980 ciuitate,
792 3902 827 3974 ds
848 3904 887 3970 de
910 3905 1042 3970 Patauio
1065 3903 1215 3969 Germani
1227 3908 1240 3986 Ι
1253 3923 1306 3967 co:
1323 3922 1362 3968 ao
1377 3904 1509 3986 utriusq;
1532 3902 1594 3966 loci
1613 3902 1827 3987 Archiepisco
1844 3904 1858 3982 Ι

477 4013 525 4098 pis
547 4031 586 4077 ao
608 4013 770 4098 Episcopis
800 4012 884 4076 omni
895 4010 978 4090 lbus
1001 4009 1088 4074 Libri
1118 4009 1214 4089 duo.)
1226 4009 1367 4095 Gaspare
1391 4009 1545 4074 Bruschio
1557 4011 1570 4088 Ι
1583 4009 1721 4094 Egrana
1745 4009 1847 4073 Poeta

477 4118 621 4184 laureato
643 4139 682 4184 ac
698 4119 784 4185 Gomi
796 4121 809 4198 Ι
820 4123 853 4183 te
876 4116 1030 4189 Palatino,
1055 4121 1174 4182 autore.
1185 4121 1197 4197 Ι
1210 4151 1254 4166 -
1265 4115 1417 4180 Basileae.
1441 4135 1500 4200 per
1523 4117 1559 4180 Io
1571 4117 1584 4194 Ι
1595 4134 1711 4179 aunem
1727 4113 1844 4199 Opori-

479 4244 603 4290 num.›
635 4225 678 4290 la
706 4227 790 4311 fine:
821 4244 839 4288 ‹
864 4223 1073 4297 Basileus,
1105 4242 1163 4307 per
1193 4223 1279 4286 Ioan.
1312 4221 1555 4307 Oporinum‚
1582 4239 1666 4285 anno
1696 4222 1853 4300 nonnas

483 4349 593 4395 mense
617 4330 706 4394 lulio.
725 4350 743 4395 ›

530 4450 561 4506 In
579 4450 605 4518 8,
623 4450 650 4504 di
668 4466 730 4521 pag.
748 4449 808 4505 399.
827 4449 891 4505 Alla
908 4451 963 4505 flue
981 4447 996 4503 ὁ
1014 4465 1069 4503 una
1086 4449 1139 4504 inc.
1153 4449 1182 4503 in
1204 4449 1288 4518 legno
1304 4451 1532 4520 rappresentante
1545 4448 1574 4503 lo
1586 4451 1704 4504 stemma
1720 4447 1862 4518 gentilicio

481 4548 649 4624 doll'nniore,
667 4573 718 4612 con
737 4574 774 4611 un
792 4573 883 4612 carme
900 4555 951 4612 che
970 4556 1068 4626 princ:
1086 4556 1186 4610 «Hoec
1201 4557 1281 4610 hebet
1301 4557 1320 4610 d
1338 4556 1409 4609 Diuo
1429 4555 1577 4610 Faacado
1598 4554 1715 4623 Coesarc,
1733 4554 1858 4626 mmsis!

482 4662 540 4718 Pro
557 4667 663 4720 metitis
680 4672 755 4719 octos
774 4664 925 4719 Bra-sobius
943 4681 1022 4718 mmo
1038 4665 1105 4716 suis:
1123 4662 1198 4731 (etc.)
1211 4678 1236 4718 ».

333 4857 441 4929 etot.
463 4854 712 4946 hagolbertus
732 4859 964 4927 Admontensis.
981 4895 1025 4910 -
1041 4878 1059 4922 ‹
1073 4857 1257 4945 Engelberti
1277 4857 1327 4924 Ab
1340 4860 1354 4938 Ι
1365 4856 1445 4923 batis
1459 4856 1692 4947 Admontensis‚
1704 4859 1718 4937 Ι
1729 4856 1783 4941 qui
1799 4854 1857 4922 sub

488 4967 655 5054 Rudolpho
686 4967 887 5053 Habspurgio
912 4964 955 5032 llo
966 4970 980 5048 Ι
992 4968 1064 5041 ruit,
1089 4966 1128 5032 de
1152 4965 1235 5033 Ortu
1258 4960 1292 5032 a
1314 4962 1377 5030 flue
1401 4965 1535 5030 Romani
1547 4967 1561 5046 Ι
1574 4964 1703 5050 Imperii
1729 4963 1864 5044 Libenl
