<?xml version="1.0" encoding="UTF-8"?>
<!DOCTYPE html PUBLIC "-//W3C//DTD XHTML 1.0 Transitional//EN"
    "http://www.w3.org/TR/xhtml1/DTD/xhtml1-transitional.dtd">
<html xmlns="http://www.w3.org/1999/xhtml" xml:lang="en" lang="en">
 <head>
  <title>
</title>
<meta http-equiv="Content-Type" content="text/html;charset=utf-8" />
  <meta name='ocr-system' content='tesseract 3.04.00' />
  <meta name='ocr-capabilities' content='ocr_page ocr_carea ocr_par ocr_line ocrx_word'/>
</head>
<body>
  <div class='ocr_page' id='page_1' title='image "./inventariodeili01kirsgoog_0270.png"; bbox 0 0 4366 6052; ppageno 0'>
   <div class='ocr_carea' id='block_1_1' title="bbox 999 434 1199 502">
    <p class='ocr_par' dir='ltr' id='par_1_1' title="bbox 999 434 1199 502">
     <span class='ocr_line' id='line_1_1' title="bbox 999 434 1199 502; baseline 0.005 -17"><span class='ocrx_word' id='word_1_1' title='bbox 999 434 1199 502; x_wconf 78' lang='lat'><strong>-222..</strong></span> 
     </span>
    </p>
   </div>
   <div class='ocr_carea' id='block_1_2' title="bbox 328 573 1866 1618">
    <p class='ocr_par' dir='ltr' id='par_1_2' title="bbox 328 573 1866 1196">
     <span class='ocr_line' id='line_1_2' title="bbox 328 573 1866 664; baseline 0 -18"><span class='ocrx_word' id='word_1_2' title='bbox 328 573 403 646; x_wconf 77' lang='lat'><strong>919.</strong></span> <span class='ocrx_word' id='word_1_3' title='bbox 425 574 618 664; x_wconf 75' lang='lat' dir='ltr'><strong>Grynucus</strong></span> <span class='ocrx_word' id='word_1_4' title='bbox 633 577 750 643; x_wconf 88' lang='lat' dir='ltr'><strong>Simon.</strong></span> <span class='ocrx_word' id='word_1_5' title='bbox 763 613 807 626; x_wconf 98' lang='lat'>-</span> <span class='ocrx_word' id='word_1_6' title='bbox 825 597 842 639; x_wconf 69' lang='lat' dir='ltr'><strong>r</strong></span> <span class='ocrx_word' id='word_1_7' title='bbox 857 576 1069 663; x_wconf 84' lang='lat' dir='ltr'><strong>Commentarj</strong></span> <span class='ocrx_word' id='word_1_8' title='bbox 1087 576 1159 650; x_wconf 86' lang='lat' dir='ltr'><strong>duo,</strong></span> <span class='ocrx_word' id='word_1_9' title='bbox 1172 581 1185 659; x_wconf 98' lang='grc' dir='ltr'><em>Ι</em></span> <span class='ocrx_word' id='word_1_10' title='bbox 1198 576 1238 643; x_wconf 92' lang='lat' dir='ltr'><strong>de</strong></span> <span class='ocrx_word' id='word_1_11' title='bbox 1252 577 1361 664; x_wconf 80' lang='lat' dir='ltr'><strong>ignitis</strong></span> <span class='ocrx_word' id='word_1_12' title='bbox 1376 580 1389 659; x_wconf 99' lang='grc' dir='ltr'><em>Ι</em></span> <span class='ocrx_word' id='word_1_13' title='bbox 1402 577 1554 642; x_wconf 87' lang='lat' dir='ltr'><strong>meteoris</strong></span> <span class='ocrx_word' id='word_1_14' title='bbox 1568 594 1668 642; x_wconf 86' lang='lat' dir='ltr'><strong>unus:</strong></span> <span class='ocrx_word' id='word_1_15' title='bbox 1688 576 1815 660; x_wconf 76' lang='lat' dir='ltr'><strong>allier</strong></span> <span class='ocrx_word' id='word_1_16' title='bbox 1828 578 1866 647; x_wconf 89' lang='lat' dir='ltr'><strong>de</strong></span> 
     </span>
     <span class='ocr_line' id='line_1_3' title="bbox 479 681 1866 773; baseline 0.004 -25"><span class='ocrx_word' id='word_1_17' title='bbox 479 688 676 748; x_wconf 86' lang='lat' dir='ltr'><strong>cometarum</strong></span> <span class='ocrx_word' id='word_1_18' title='bbox 698 684 803 749; x_wconf 84' lang='lat' dir='ltr'><strong>causis</strong></span> <span class='ocrx_word' id='word_1_19' title='bbox 819 688 940 768; x_wconf 71' lang='lat' dir='ltr'><strong>satque</strong></span> <span class='ocrx_word' id='word_1_20' title='bbox 970 681 1268 769; x_wconf 80' lang='lat' dir='ltr'><strong>significationibus:</strong></span> <span class='ocrx_word' id='word_1_21' title='bbox 1284 686 1299 765; x_wconf 93' lang='grc' dir='ltr'><em>Ι</em></span> <span class='ocrx_word' id='word_1_22' title='bbox 1315 683 1494 768; x_wconf 76' lang='lat' dir='ltr'><strong>conscripti</strong></span> <span class='ocrx_word' id='word_1_23' title='bbox 1516 701 1577 768; x_wconf 90' lang='lat' dir='ltr'><strong>per</strong></span> <span class='ocrx_word' id='word_1_24' title='bbox 1602 683 1764 750; x_wconf 88' lang='lat' dir='ltr'><strong>Simonem</strong></span> <span class='ocrx_word' id='word_1_25' title='bbox 1788 685 1866 773; x_wconf 84' lang='lat' dir='ltr'><strong>Gry·</strong></span> 
     </span>
     <span class='ocr_line' id='line_1_4' title="bbox 478 786 1864 874; baseline 0.004 -20"><span class='ocrx_word' id='word_1_26' title='bbox 478 809 593 855; x_wconf 88' lang='lat' dir='ltr'><strong>nasum</strong></span> <span class='ocrx_word' id='word_1_27' title='bbox 605 791 620 870; x_wconf 93' lang='grc' dir='ltr'><em>Ι</em></span> <span class='ocrx_word' id='word_1_28' title='bbox 632 789 715 855; x_wconf 88' lang='lat' dir='ltr'><strong>Med.</strong></span> <span class='ocrx_word' id='word_1_29' title='bbox 744 786 779 859; x_wconf 76' lang='lat' dir='ltr'><strong>dr</strong></span> <span class='ocrx_word' id='word_1_30' title='bbox 801 789 900 855; x_wconf 86' lang='lat' dir='ltr'><strong>Math.</strong></span> <span class='ocrx_word' id='word_1_31' title='bbox 910 793 923 871; x_wconf 97' lang='grc' dir='ltr'><em>Ι</em></span> <span class='ocrx_word' id='word_1_32' title='bbox 935 789 1081 857; x_wconf 81' lang='lat' dir='ltr'><strong>Accessit</strong></span> <span class='ocrx_word' id='word_1_33' title='bbox 1111 789 1277 871; x_wconf 74' lang='lat' dir='ltr'><strong>eiusdem(</strong></span> <span class='ocrx_word' id='word_1_34' title='bbox 1292 789 1472 856; x_wconf 75' lang='lat' dir='ltr'><strong>obser-vatio</strong></span> <span class='ocrx_word' id='word_1_35' title='bbox 1495 793 1649 863; x_wconf 63' lang='lat' dir='ltr'><strong>comeus,</strong></span> <span class='ocrx_word' id='word_1_36' title='bbox 1672 791 1727 874; x_wconf 88' lang='lat' dir='ltr'><strong>qui</strong></span> <span class='ocrx_word' id='word_1_37' title='bbox 1743 793 1758 873; x_wconf 97' lang='grc' dir='ltr'><em>Ι</em></span> <span class='ocrx_word' id='word_1_38' title='bbox 1772 791 1864 859; x_wconf 90' lang='lat' dir='ltr'><strong>Anno</strong></span> 
     </span>
     <span class='ocr_line' id='line_1_5' title="bbox 478 891 1864 984; baseline 0.001 -23"><span class='ocrx_word' id='word_1_39' title='bbox 478 896 643 982; x_wconf 87' lang='lat' dir='ltr'><strong>superiore</strong></span> <span class='ocrx_word' id='word_1_40' title='bbox 665 895 718 960; x_wconf 85' lang='lat'><strong>77.</strong></span> <span class='ocrx_word' id='word_1_41' title='bbox 743 891 778 964; x_wconf 76' lang='lat' dir='ltr'><strong>dr</strong></span> <span class='ocrx_word' id='word_1_42' title='bbox 799 895 839 960; x_wconf 86' lang='lat' dir='ltr'><strong>ab</strong></span> <span class='ocrx_word' id='word_1_43' title='bbox 863 896 952 961; x_wconf 91' lang='lat' dir='ltr'><strong>initio</strong></span> <span class='ocrx_word' id='word_1_44' title='bbox 975 896 1018 961; x_wconf 87' lang='lat'><strong>78</strong></span> <span class='ocrx_word' id='word_1_45' title='bbox 1033 900 1047 977; x_wconf 95' lang='grc' dir='ltr'><em>Ι</em></span> <span class='ocrx_word' id='word_1_46' title='bbox 1062 895 1160 962; x_wconf 83' lang='lat' dir='ltr'><strong>fulsit.</strong></span> <span class='ocrx_word' id='word_1_47' title='bbox 1177 898 1192 976; x_wconf 94' lang='grc' dir='ltr'><em>Ι</em></span> <span class='ocrx_word' id='word_1_48' title='bbox 1208 897 1269 976; x_wconf 71' lang='lat' dir='ltr'><strong>etl</strong></span> <span class='ocrx_word' id='word_1_49' title='bbox 1286 895 1454 982; x_wconf 84' lang='lat' dir='ltr'><strong>disputatio</strong></span> <span class='ocrx_word' id='word_1_50' title='bbox 1483 894 1524 962; x_wconf 87' lang='lat' dir='ltr'><strong>de</strong></span> <span class='ocrx_word' id='word_1_51' title='bbox 1553 897 1705 962; x_wconf 77' lang='lat' dir='ltr'><strong>inusitata</strong></span> <span class='ocrx_word' id='word_1_52' title='bbox 1720 899 1736 979; x_wconf 95' lang='grc' dir='ltr'><em>Ι</em></span> <span class='ocrx_word' id='word_1_53' title='bbox 1749 899 1864 984; x_wconf 78' lang='lat' dir='ltr'><strong>magni</strong></span> 
     </span>
     <span class='ocr_line' id='line_1_6' title="bbox 475 998 1864 1088; baseline 0.002 -20"><span class='ocrx_word' id='word_1_54' title='bbox 475 1002 586 1068; x_wconf 89' lang='lat' dir='ltr'><strong>tudine</strong></span> <span class='ocrx_word' id='word_1_55' title='bbox 616 998 650 1071; x_wconf 75' lang='lat' dir='ltr'><strong>dr</strong></span> <span class='ocrx_word' id='word_1_56' title='bbox 680 999 784 1088; x_wconf 83' lang='lat' dir='ltr'><strong>ligura</strong></span> <span class='ocrx_word' id='word_1_57' title='bbox 806 1002 947 1068; x_wconf 88' lang='lat' dir='ltr'><strong>Veneris</strong></span> <span class='ocrx_word' id='word_1_58' title='bbox 977 1008 1147 1088; x_wconf 82' lang='lat' dir='ltr'><strong>conspecta</strong></span> <span class='ocrx_word' id='word_1_59' title='bbox 1178 1004 1213 1067; x_wconf 90' lang='lat' dir='ltr'><strong>in</strong></span> <span class='ocrx_word' id='word_1_60' title='bbox 1246 1000 1311 1068; x_wconf 87' lang='lat' dir='ltr'><strong>fine</strong></span> <span class='ocrx_word' id='word_1_61' title='bbox 1343 1002 1576 1084; x_wconf 73' lang='lat' dir='ltr'><strong>annil1578‚</strong></span> <span class='ocrx_word' id='word_1_62' title='bbox 1608 999 1645 1071; x_wconf 74' lang='lat' dir='ltr'><strong>dr</strong></span> <span class='ocrx_word' id='word_1_63' title='bbox 1673 1001 1717 1069; x_wconf 85' lang='lat' dir='ltr'><strong>ad</strong></span> <span class='ocrx_word' id='word_1_64' title='bbox 1744 1005 1864 1071; x_wconf 88' lang='lat' dir='ltr'><strong>initium</strong></span> 
     </span>
     <span class='ocr_line' id='line_1_7' title="bbox 477 1107 1572 1196; baseline -0.002 -22"><span class='ocrx_word' id='word_1_65' title='bbox 477 1126 529 1174; x_wconf 88' lang='lat' dir='ltr'><strong>c1o</strong></span> <span class='ocrx_word' id='word_1_66' title='bbox 543 1125 574 1174; x_wconf 82' lang='lat'><strong>10</strong></span> <span class='ocrx_word' id='word_1_67' title='bbox 587 1127 715 1174; x_wconf 83' lang='lat' dir='ltr'><strong>uxxrx.</strong></span> <span class='ocrx_word' id='word_1_68' title='bbox 734 1130 752 1172; x_wconf 83' lang='lat'>›</span> <span class='ocrx_word' id='word_1_69' title='bbox 777 1107 889 1175; x_wconf 74' lang='lat' dir='ltr'><strong>senza</strong></span> <span class='ocrx_word' id='word_1_70' title='bbox 911 1108 1020 1195; x_wconf 76' lang='lat' dir='ltr'><strong>leupo,</strong></span> <span class='ocrx_word' id='word_1_71' title='bbox 1045 1127 1147 1185; x_wconf 78' lang='lat' dir='ltr'><strong>auno,</strong></span> <span class='ocrx_word' id='word_1_72' title='bbox 1171 1127 1189 1175; x_wconf 87' lang='lat' dir='ltr'><strong>e</strong></span> <span class='ocrx_word' id='word_1_73' title='bbox 1210 1126 1310 1176; x_wconf 74' lang='lat' dir='ltr'><strong>neore</strong></span> <span class='ocrx_word' id='word_1_74' title='bbox 1332 1108 1369 1174; x_wconf 84' lang='lat' dir='ltr'><strong>di</strong></span> <span class='ocrx_word' id='word_1_75' title='bbox 1392 1107 1572 1196; x_wconf 75' lang='lat' dir='ltr'><strong>tipopruso.</strong></span> 
     </span>
    </p>

    <p class='ocr_par' dir='ltr' id='par_1_3' title="bbox 533 1229 608 1285">
     <span class='ocr_line' id='line_1_8' title="bbox 533 1229 608 1285; baseline 0 0"><span class='ocrx_word' id='word_1_76' title='bbox 533 1229 564 1285; x_wconf 94' lang='lat' dir='ltr'><strong>ln</strong></span> <span class='ocrx_word' id='word_1_77' title='bbox 582 1230 608 1285; x_wconf 66' lang='lat' dir='ltr'><strong>t</strong></span> 
     </span>
    </p>

    <p class='ocr_par' dir='ltr' id='par_1_4' title="bbox 475 1336 1862 1618">
     <span class='ocr_line' id='line_1_9' title="bbox 529 1336 1862 1409; baseline 0.002 -17"><span class='ocrx_word' id='word_1_78' title='bbox 529 1337 596 1408; x_wconf 77' lang='lat' dir='ltr'><strong>Leg.</strong></span> <span class='ocrx_word' id='word_1_79' title='bbox 615 1337 643 1392; x_wconf 89' lang='lat' dir='ltr'><strong>in</strong></span> <span class='ocrx_word' id='word_1_80' title='bbox 663 1336 735 1408; x_wconf 89' lang='lat' dir='ltr'><strong>pelle</strong></span> <span class='ocrx_word' id='word_1_81' title='bbox 753 1354 837 1391; x_wconf 76' lang='lat' dir='ltr'><strong>rossa</strong></span> <span class='ocrx_word' id='word_1_82' title='bbox 857 1365 890 1379; x_wconf 98' lang='lat'><em>-</em></span> <span class='ocrx_word' id='word_1_83' title='bbox 910 1336 962 1393; x_wconf 88' lang='lat' dir='ltr'><strong>Nel</strong></span> <span class='ocrx_word' id='word_1_84' title='bbox 980 1336 1032 1391; x_wconf 85' lang='lat' dir='ltr'><strong>Dr.</strong></span> <span class='ocrx_word' id='word_1_85' title='bbox 1045 1337 1170 1407; x_wconf 86' lang='lat' dir='ltr'><strong>impress.</strong></span> <span class='ocrx_word' id='word_1_86' title='bbox 1189 1340 1276 1392; x_wconf 90' lang='lat' dir='ltr'><strong>ceutr.</strong></span> <span class='ocrx_word' id='word_1_87' title='bbox 1295 1354 1313 1391; x_wconf 79' lang='lat' dir='ltr'><strong>a</strong></span> <span class='ocrx_word' id='word_1_88' title='bbox 1330 1337 1417 1392; x_wconf 89' lang='lat' dir='ltr'><strong>colori</strong></span> <span class='ocrx_word' id='word_1_89' title='bbox 1435 1353 1451 1392; x_wconf 88' lang='lat' dir='ltr'><strong>e</strong></span> <span class='ocrx_word' id='word_1_90' title='bbox 1469 1336 1574 1405; x_wconf 82' lang='lat' dir='ltr'><strong>dorsts,</strong></span> <span class='ocrx_word' id='word_1_91' title='bbox 1593 1342 1821 1409; x_wconf 79' lang='lat' dir='ltr'><strong>rsppressntante</strong></span> <span class='ocrx_word' id='word_1_92' title='bbox 1837 1339 1862 1394; x_wconf 91' lang='lat' dir='ltr'><strong>lo</strong></span> 
     </span>
     <span class='ocr_line' id='line_1_10' title="bbox 475 1442 1862 1517; baseline 0.002 -19"><span class='ocrx_word' id='word_1_93' title='bbox 475 1452 593 1500; x_wconf 82' lang='lat' dir='ltr'><strong>stemma</strong></span> <span class='ocrx_word' id='word_1_94' title='bbox 610 1443 742 1514; x_wconf 79' lang='lat' dir='ltr'><strong>palatino,</strong></span> <span class='ocrx_word' id='word_1_95' title='bbox 761 1459 813 1498; x_wconf 89' lang='lat' dir='ltr'><strong>con</strong></span> <span class='ocrx_word' id='word_1_96' title='bbox 831 1459 912 1514; x_wconf 80' lang='lat' dir='ltr'><strong>sopra</strong></span> <span class='ocrx_word' id='word_1_97' title='bbox 929 1442 957 1499; x_wconf 85' lang='lat' dir='ltr'><strong>la</strong></span> <span class='ocrx_word' id='word_1_98' title='bbox 975 1442 1094 1498; x_wconf 81' lang='lat' dir='ltr'><strong>iniziali:</strong></span> <span class='ocrx_word' id='word_1_99' title='bbox 1113 1443 1261 1514; x_wconf 75' lang='lat' dir='ltr'><strong>L[udwi9]</strong></span> <span class='ocrx_word' id='word_1_100' title='bbox 1279 1444 1470 1515; x_wconf 71' lang='lat' dir='ltr'><strong>PUalzpmf]</strong></span> <span class='ocrx_word' id='word_1_101' title='bbox 1497 1443 1694 1517; x_wconf 76' lang='lat' dir='ltr'><strong>C[burssirst]‚</strong></span> <span class='ocrx_word' id='word_1_102' title='bbox 1713 1461 1730 1501; x_wconf 88' lang='lat' dir='ltr'><strong>e</strong></span> <span class='ocrx_word' id='word_1_103' title='bbox 1746 1445 1862 1501; x_wconf 78' lang='lat' dir='ltr'><strong>sottolu</strong></span> 
     </span>
     <span class='ocr_line' id='line_1_11' title="bbox 477 1547 1475 1618; baseline 0 -14"><span class='ocrx_word' id='word_1_104' title='bbox 477 1550 543 1605; x_wconf 79' lang='lat' dir='ltr'><strong>deta</strong></span> <span class='ocrx_word' id='word_1_105' title='bbox 561 1550 649 1604; x_wconf 83' lang='lat'><em>1580.</em></span> <span class='ocrx_word' id='word_1_106' title='bbox 668 1549 721 1605; x_wconf 88' lang='lat' dir='ltr'><strong>Nel</strong></span> <span class='ocrx_word' id='word_1_107' title='bbox 738 1547 775 1605; x_wconf 76' lang='lat' dir='ltr'><strong>n</strong></span> <span class='ocrx_word' id='word_1_108' title='bbox 793 1549 882 1618; x_wconf 81' lang='lat' dir='ltr'><strong>fregio</strong></span> <span class='ocrx_word' id='word_1_109' title='bbox 900 1548 998 1604; x_wconf 88' lang='lat' dir='ltr'><strong>dorato</strong></span> <span class='ocrx_word' id='word_1_110' title='bbox 1017 1565 1033 1605; x_wconf 90' lang='lat' dir='ltr'><strong>e</strong></span> <span class='ocrx_word' id='word_1_111' title='bbox 1051 1549 1175 1604; x_wconf 86' lang='lat' dir='ltr'><strong>colorato</strong></span> <span class='ocrx_word' id='word_1_112' title='bbox 1193 1549 1221 1604; x_wconf 92' lang='lat' dir='ltr'><strong>di</strong></span> <span class='ocrx_word' id='word_1_113' title='bbox 1239 1550 1328 1604; x_wconf 81' lang='lat' dir='ltr'><strong>forms</strong></span> <span class='ocrx_word' id='word_1_114' title='bbox 1346 1549 1475 1605; x_wconf 82' lang='lat' dir='ltr'><strong>ellittics.</strong></span> 
     </span>
    </p>
   </div>
   <div class='ocr_carea' id='block_1_3' title="bbox 325 1708 1862 2436">
    <p class='ocr_par' dir='ltr' id='par_1_5' title="bbox 325 1708 1862 2116">
     <span class='ocr_line' id='line_1_12' title="bbox 325 1708 1862 1793; baseline -0.001 -13"><span class='ocrx_word' id='word_1_115' title='bbox 325 1708 434 1780; x_wconf 66' lang='lat' dir='ltr'><strong>thou.</strong></span> <span class='ocrx_word' id='word_1_116' title='bbox 458 1708 644 1782; x_wconf 75' lang='lat' dir='ltr'><strong>Iummius</strong></span> <span class='ocrx_word' id='word_1_117' title='bbox 666 1709 808 1776; x_wconf 91' lang='lat' dir='ltr'><strong>lodocus.</strong></span> <span class='ocrx_word' id='word_1_118' title='bbox 840 1746 884 1761; x_wconf 96' lang='lat'><em>-</em></span> <span class='ocrx_word' id='word_1_119' title='bbox 908 1729 927 1774; x_wconf 72' lang='lat' dir='ltr'><strong>r</strong></span> <span class='ocrx_word' id='word_1_120' title='bbox 944 1709 1182 1776; x_wconf 90' lang='lat' dir='ltr'><strong>Medicinalium</strong></span> <span class='ocrx_word' id='word_1_121' title='bbox 1198 1712 1212 1792; x_wconf 94' lang='grc' dir='ltr'><em>Ι</em></span> <span class='ocrx_word' id='word_1_122' title='bbox 1227 1710 1484 1777; x_wconf 82' lang='lat' dir='ltr'><strong>observationum</strong></span> <span class='ocrx_word' id='word_1_123' title='bbox 1500 1714 1514 1793; x_wconf 99' lang='grc' dir='ltr'><em>Ι</em></span> <span class='ocrx_word' id='word_1_124' title='bbox 1528 1711 1603 1777; x_wconf 87' lang='lat' dir='ltr'><strong>libri</strong></span> <span class='ocrx_word' id='word_1_125' title='bbox 1626 1717 1706 1777; x_wconf 87' lang='lat' dir='ltr'><strong>tres.</strong></span> <span class='ocrx_word' id='word_1_126' title='bbox 1720 1715 1734 1793; x_wconf 94' lang='grc' dir='ltr'><em>Ι</em></span> <span class='ocrx_word' id='word_1_127' title='bbox 1747 1711 1862 1788; x_wconf 80' lang='lat' dir='ltr'><strong>Quibus</strong></span> 
     </span>
     <span class='ocr_line' id='line_1_13' title="bbox 475 1801 1862 1905; baseline 0.001 -21"><span class='ocrx_word' id='word_1_128' title='bbox 475 1823 559 1884; x_wconf 82' lang='lat' dir='ltr'><strong>notae</strong></span> <span class='ocrx_word' id='word_1_129' title='bbox 581 1817 765 1883; x_wconf 85' lang='lat' dir='ltr'><strong>morborum</strong></span> <span class='ocrx_word' id='word_1_130' title='bbox 779 1818 928 1891; x_wconf 85' lang='lat' dir='ltr'><strong>omnium,</strong></span> <span class='ocrx_word' id='word_1_131' title='bbox 941 1821 955 1899; x_wconf 93' lang='grc' dir='ltr'><em>Ι</em></span> <span class='ocrx_word' id='word_1_132' title='bbox 968 1823 1001 1882; x_wconf 87' lang='lat' dir='ltr'><strong>et</strong></span> <span class='ocrx_word' id='word_1_133' title='bbox 1023 1837 1094 1902; x_wconf 84' lang='lat' dir='ltr'><strong>quae</strong></span> <span class='ocrx_word' id='word_1_134' title='bbox 1117 1817 1157 1884; x_wconf 88' lang='lat' dir='ltr'><strong>de</strong></span> <span class='ocrx_word' id='word_1_135' title='bbox 1180 1817 1231 1883; x_wconf 90' lang='lat' dir='ltr'><strong>his</strong></span> <span class='ocrx_word' id='word_1_136' title='bbox 1253 1819 1376 1903; x_wconf 80' lang='lat' dir='ltr'><strong>possint</strong></span> <span class='ocrx_word' id='word_1_137' title='bbox 1405 1801 1519 1884; x_wconf 79' lang='lat' dir='ltr'><strong>habe‘ri</strong></span> <span class='ocrx_word' id='word_1_138' title='bbox 1548 1822 1654 1905; x_wconf 71' lang='lat' dir='ltr'><strong>pres-l</strong></span> <span class='ocrx_word' id='word_1_139' title='bbox 1668 1820 1769 1905; x_wconf 80' lang='lat' dir='ltr'><strong>sagis,</strong></span> <span class='ocrx_word' id='word_1_140' title='bbox 1794 1819 1862 1885; x_wconf 86' lang='lat' dir='ltr'><strong>iudi·</strong></span> 
     </span>
     <span class='ocr_line' id='line_1_14' title="bbox 476 1922 1861 2012; baseline 0 -22"><span class='ocrx_word' id='word_1_141' title='bbox 476 1926 598 2010; x_wconf 86' lang='lat' dir='ltr'><strong>ciaque,</strong></span> <span class='ocrx_word' id='word_1_142' title='bbox 622 1927 853 2009; x_wconf 91' lang='lat' dir='ltr'><strong>proponuntur.</strong></span> <span class='ocrx_word' id='word_1_143' title='bbox 868 1922 1017 2004; x_wconf 80' lang='lat' dir='ltr'><strong>lAuture</strong></span> <span class='ocrx_word' id='word_1_144' title='bbox 1048 1923 1164 1989; x_wconf 90' lang='lat' dir='ltr'><strong>Iodoco</strong></span> <span class='ocrx_word' id='word_1_145' title='bbox 1195 1924 1337 1989; x_wconf 80' lang='lat' dir='ltr'><strong>Lomm10</strong></span> <span class='ocrx_word' id='word_1_146' title='bbox 1352 1929 1366 2006; x_wconf 95' lang='grc' dir='ltr'><em>Ι</em></span> <span class='ocrx_word' id='word_1_147' title='bbox 1379 1926 1518 1990; x_wconf 88' lang='lat' dir='ltr'><strong>Burano.</strong></span> <span class='ocrx_word' id='word_1_148' title='bbox 1535 1928 1550 2006; x_wconf 99' lang='grc' dir='ltr'><em>Ι</em></span> <span class='ocrx_word' id='word_1_149' title='bbox 1564 1923 1616 1991; x_wconf 90' lang='lat' dir='ltr'><strong>Ad</strong></span> <span class='ocrx_word' id='word_1_150' title='bbox 1638 1925 1861 2012; x_wconf 87' lang='lat' dir='ltr'><strong>amplissimum</strong></span> 
     </span>
     <span class='ocr_line' id='line_1_15' title="bbox 478 2029 1862 2116; baseline 0 -18"><span class='ocrx_word' id='word_1_151' title='bbox 478 2030 631 2099; x_wconf 89' lang='lat' dir='ltr'><strong>Ordinem</strong></span> <span class='ocrx_word' id='word_1_152' title='bbox 648 2030 888 2111; x_wconf 76' lang='lat' dir='ltr'><strong>Sena-limium</strong></span> <span class='ocrx_word' id='word_1_153' title='bbox 904 2030 995 2115; x_wconf 85' lang='lat' dir='ltr'><strong>Reip.</strong></span> <span class='ocrx_word' id='word_1_154' title='bbox 1013 2030 1228 2096; x_wconf 83' lang='lat' dir='ltr'><strong>Bruxellanae.</strong></span> <span class='ocrx_word' id='word_1_155' title='bbox 1242 2031 1405 2113; x_wconf 74' lang='lat' dir='ltr'><strong>[Antue</strong></span> <span class='ocrx_word' id='word_1_156' title='bbox 1416 2032 1533 2116; x_wconf 84' lang='lat' dir='ltr'><strong>rpise,</strong></span> <span class='ocrx_word' id='word_1_157' title='bbox 1549 2035 1619 2116; x_wconf 81' lang='lat' dir='ltr'><strong>lex</strong></span> <span class='ocrx_word' id='word_1_158' title='bbox 1633 2029 1764 2098; x_wconf 88' lang='lat' dir='ltr'><strong>officina</strong></span> <span class='ocrx_word' id='word_1_159' title='bbox 1779 2032 1862 2099; x_wconf 82' lang='lat' dir='ltr'><strong>Chri·</strong></span> 
     </span>
    </p>

    <p class='ocr_par' dir='ltr' id='par_1_6' title="bbox 474 2136 1862 2436">
     <span class='ocr_line' id='line_1_16' title="bbox 474 2136 1468 2223; baseline -0.002 -20"><span class='ocrx_word' id='word_1_160' title='bbox 474 2143 535 2203; x_wconf 78' lang='lat' dir='ltr'><strong>sto</strong></span> <span class='ocrx_word' id='word_1_161' title='bbox 546 2137 664 2222; x_wconf 76' lang='lat' dir='ltr'><strong>spheri</strong></span> <span class='ocrx_word' id='word_1_162' title='bbox 688 2136 899 2202; x_wconf 90' lang='lat' dir='ltr'><strong>Plautini:</strong></span> <span class='ocrx_word' id='word_1_163' title='bbox 924 2139 1134 2217; x_wconf 80' lang='lat' dir='ltr'><strong>ss.n.ux.l</strong></span> <span class='ocrx_word' id='word_1_164' title='bbox 1151 2137 1228 2203; x_wconf 78' lang='lat' dir='ltr'><strong>(lum</strong></span> <span class='ocrx_word' id='word_1_165' title='bbox 1252 2137 1468 2223; x_wconf 82' lang='lat' dir='ltr'><strong>privilegio.»</strong></span> 
     </span>
     <span class='ocr_line' id='line_1_17' title="bbox 528 2257 1862 2329; baseline -0.002 -15"><span class='ocrx_word' id='word_1_166' title='bbox 528 2259 558 2314; x_wconf 89' lang='lat' dir='ltr'><strong>lu</strong></span> <span class='ocrx_word' id='word_1_167' title='bbox 577 2259 602 2313; x_wconf 92' lang='lat'><strong>8.</strong></span> <span class='ocrx_word' id='word_1_168' title='bbox 621 2288 655 2300; x_wconf 97' lang='lat'>-</span> <span class='ocrx_word' id='word_1_169' title='bbox 674 2258 861 2328; x_wconf 82' lang='lat' dir='ltr'><strong>Frontespizio</strong></span> <span class='ocrx_word' id='word_1_170' title='bbox 880 2258 933 2313; x_wconf 88' lang='lat' dir='ltr'><strong>ino.</strong></span> <span class='ocrx_word' id='word_1_171' title='bbox 953 2257 981 2312; x_wconf 92' lang='lat' dir='ltr'><strong>iu</strong></span> <span class='ocrx_word' id='word_1_172' title='bbox 1000 2257 1083 2328; x_wconf 81' lang='lat' dir='ltr'><strong>legno</strong></span> <span class='ocrx_word' id='word_1_173' title='bbox 1102 2258 1284 2313; x_wconf 86' lang='lat' dir='ltr'><strong>incerniciato</strong></span> <span class='ocrx_word' id='word_1_174' title='bbox 1303 2274 1353 2313; x_wconf 91' lang='lat' dir='ltr'><strong>con</strong></span> <span class='ocrx_word' id='word_1_175' title='bbox 1372 2259 1444 2329; x_wconf 80' lang='lat' dir='ltr'><strong>fregi</strong></span> <span class='ocrx_word' id='word_1_176' title='bbox 1457 2276 1473 2314; x_wconf 88' lang='lat' dir='ltr'><strong>e</strong></span> <span class='ocrx_word' id='word_1_177' title='bbox 1486 2260 1588 2328; x_wconf 79' lang='lat' dir='ltr'><strong>figur03</strong></span> <span class='ocrx_word' id='word_1_178' title='bbox 1607 2258 1685 2313; x_wconf 79' lang='lat' dir='ltr'><strong>nella</strong></span> <span class='ocrx_word' id='word_1_179' title='bbox 1697 2262 1777 2329; x_wconf 77' lang='lat' dir='ltr'><strong>parte</strong></span> <span class='ocrx_word' id='word_1_180' title='bbox 1790 2275 1862 2329; x_wconf 84' lang='lat' dir='ltr'><strong>supe-</strong></span> 
     </span>
     <span class='ocr_line' id='line_1_18' title="bbox 475 2363 1861 2436; baseline 0.001 -17"><span class='ocrx_word' id='word_1_181' title='bbox 475 2366 548 2421; x_wconf 87' lang='lat' dir='ltr'><strong>riore</strong></span> <span class='ocrx_word' id='word_1_182' title='bbox 566 2363 582 2420; x_wconf 78' lang='lat' dir='ltr'><strong>b</strong></span> <span class='ocrx_word' id='word_1_183' title='bbox 600 2382 655 2419; x_wconf 87' lang='lat' dir='ltr'><strong>una</strong></span> <span class='ocrx_word' id='word_1_184' title='bbox 673 2381 754 2418; x_wconf 83' lang='lat' dir='ltr'><strong>msno</strong></span> <span class='ocrx_word' id='word_1_185' title='bbox 773 2363 823 2419; x_wconf 87' lang='lat' dir='ltr'><strong>che</strong></span> <span class='ocrx_word' id='word_1_186' title='bbox 842 2364 916 2419; x_wconf 85' lang='lat' dir='ltr'><strong>tiene</strong></span> <span class='ocrx_word' id='word_1_187' title='bbox 935 2381 972 2418; x_wconf 95' lang='lat' dir='ltr'><strong>un</strong></span> <span class='ocrx_word' id='word_1_188' title='bbox 991 2380 1134 2436; x_wconf 81' lang='lat' dir='ltr'><strong>compasso</strong></span> <span class='ocrx_word' id='word_1_189' title='bbox 1152 2381 1203 2420; x_wconf 86' lang='lat' dir='ltr'><strong>con</strong></span> <span class='ocrx_word' id='word_1_190' title='bbox 1222 2365 1332 2420; x_wconf 83' lang='lat' dir='ltr'><strong>intorno</strong></span> <span class='ocrx_word' id='word_1_191' title='bbox 1345 2364 1365 2419; x_wconf 87' lang='lat' dir='ltr'><strong>il</strong></span> <span class='ocrx_word' id='word_1_192' title='bbox 1379 2367 1481 2420; x_wconf 86' lang='lat' dir='ltr'><strong>mutto:</strong></span> <span class='ocrx_word' id='word_1_193' title='bbox 1499 2380 1610 2420; x_wconf 74' lang='lat' dir='ltr'><strong>nunonis</strong></span> <span class='ocrx_word' id='word_1_194' title='bbox 1629 2380 1667 2420; x_wconf 77' lang='lat' dir='ltr'><strong>nr</strong></span> <span class='ocrx_word' id='word_1_195' title='bbox 1681 2380 1861 2421; x_wconf 73' lang='lat' dir='ltr'><strong>corsrssrru</strong></span> 
     </span>
    </p>
   </div>
   <div class='ocr_carea' id='block_1_4' title="bbox 326 2524 1862 3040">
    <p class='ocr_par' dir='ltr' id='par_1_7' title="bbox 326 2524 1862 3040">
     <span class='ocr_line' id='line_1_19' title="bbox 326 2524 1861 2609; baseline -0.003 -13"><span class='ocrx_word' id='word_1_196' title='bbox 326 2524 428 2596; x_wconf 72' lang='lat' dir='ltr'><strong>omo.</strong></span> <span class='ocrx_word' id='word_1_197' title='bbox 452 2525 591 2596; x_wconf 75' lang='lat' dir='ltr'><strong>Bessos</strong></span> <span class='ocrx_word' id='word_1_198' title='bbox 615 2525 756 2592; x_wconf 86' lang='lat' dir='ltr'><strong>lacobus.</strong></span> <span class='ocrx_word' id='word_1_199' title='bbox 788 2561 832 2575; x_wconf 95' lang='lat'><em>-</em></span> <span class='ocrx_word' id='word_1_200' title='bbox 865 2525 1007 2591; x_wconf 82' lang='lat' dir='ltr'><strong>‹Iacobi</strong></span> <span class='ocrx_word' id='word_1_201' title='bbox 1021 2530 1034 2607; x_wconf 91' lang='grc' dir='ltr'><em>Ι</em></span> <span class='ocrx_word' id='word_1_202' title='bbox 1046 2527 1178 2591; x_wconf 90' lang='lat' dir='ltr'><strong>Bessoni</strong></span> <span class='ocrx_word' id='word_1_203' title='bbox 1209 2525 1249 2591; x_wconf 90' lang='lat' dir='ltr'><strong>de</strong></span> <span class='ocrx_word' id='word_1_204' title='bbox 1260 2531 1275 2607; x_wconf 96' lang='grc' dir='ltr'><em>Ι</em></span> <span class='ocrx_word' id='word_1_205' title='bbox 1287 2526 1432 2592; x_wconf 88' lang='lat' dir='ltr'><strong>absoluta</strong></span> <span class='ocrx_word' id='word_1_206' title='bbox 1461 2527 1587 2592; x_wconf 88' lang='lat' dir='ltr'><strong>ratione</strong></span> <span class='ocrx_word' id='word_1_207' title='bbox 1618 2525 1861 2609; x_wconf 82' lang='lat' dir='ltr'><strong>extrahen-ldi</strong></span> 
     </span>
     <span class='ocr_line' id='line_1_20' title="bbox 476 2629 1861 2717; baseline -0.001 -19"><span class='ocrx_word' id='word_1_208' title='bbox 476 2633 556 2706; x_wconf 87' lang='lat' dir='ltr'><strong>olea,</strong></span> <span class='ocrx_word' id='word_1_209' title='bbox 582 2629 616 2701; x_wconf 71' lang='lat' dir='ltr'><strong>s</strong></span> <span class='ocrx_word' id='word_1_210' title='bbox 638 2652 736 2716; x_wconf 87' lang='lat' dir='ltr'><strong>aquas</strong></span> <span class='ocrx_word' id='word_1_211' title='bbox 752 2631 770 2696; x_wconf 79' lang='lat' dir='ltr'><strong>b</strong></span> <span class='ocrx_word' id='word_1_212' title='bbox 786 2631 1023 2697; x_wconf 82' lang='lat' dir='ltr'><strong>medicamentis</strong></span> <span class='ocrx_word' id='word_1_213' title='bbox 1046 2633 1121 2697; x_wconf 92' lang='lat' dir='ltr'><strong>sim·</strong></span> <span class='ocrx_word' id='word_1_214' title='bbox 1133 2631 1308 2717; x_wconf 70' lang='lat' dir='ltr'><strong>lpheibus:</strong></span> <span class='ocrx_word' id='word_1_215' title='bbox 1332 2638 1464 2717; x_wconf 88' lang='lat' dir='ltr'><strong>accepta</strong></span> <span class='ocrx_word' id='word_1_216' title='bbox 1486 2631 1597 2696; x_wconf 83' lang='lat' dir='ltr'><strong>olimd</strong></span> <span class='ocrx_word' id='word_1_217' title='bbox 1621 2630 1759 2716; x_wconf 83' lang='lat' dir='ltr'><strong>quodam</strong></span> <span class='ocrx_word' id='word_1_218' title='bbox 1775 2632 1861 2713; x_wconf 71' lang='lat' dir='ltr'><strong>Em}</strong></span> 
     </span>
     <span class='ocr_line' id='line_1_21' title="bbox 474 2735 1861 2826; baseline -0.001 -21"><span class='ocrx_word' id='word_1_219' title='bbox 474 2741 585 2826; x_wconf 85' lang='lat' dir='ltr'><strong>pirico‚</strong></span> <span class='ocrx_word' id='word_1_220' title='bbox 609 2744 720 2825; x_wconf 86' lang='lat' dir='ltr'><strong>postea</strong></span> <span class='ocrx_word' id='word_1_221' title='bbox 742 2759 820 2804; x_wconf 89' lang='lat' dir='ltr'><strong>uero</strong></span> <span class='ocrx_word' id='word_1_222' title='bbox 843 2737 883 2803; x_wconf 87' lang='lat' dir='ltr'><strong>ab</strong></span> <span class='ocrx_word' id='word_1_223' title='bbox 907 2738 1017 2804; x_wconf 90' lang='lat' dir='ltr'><strong>eodem</strong></span> <span class='ocrx_word' id='word_1_224' title='bbox 1042 2740 1140 2819; x_wconf 77' lang='lat' dir='ltr'><strong>Bes-l</strong></span> <span class='ocrx_word' id='word_1_225' title='bbox 1153 2757 1231 2804; x_wconf 91' lang='lat' dir='ltr'><strong>sono</strong></span> <span class='ocrx_word' id='word_1_226' title='bbox 1245 2739 1447 2824; x_wconf 85' lang='lat' dir='ltr'><strong>locupletata,</strong></span> <span class='ocrx_word' id='word_1_227' title='bbox 1472 2735 1507 2806; x_wconf 69' lang='grc' dir='ltr'><strong>ἃ</strong></span> <span class='ocrx_word' id='word_1_228' title='bbox 1529 2739 1685 2821; x_wconf 74' lang='lat' dir='ltr'><strong>rationi-l</strong></span> <span class='ocrx_word' id='word_1_229' title='bbox 1696 2736 1757 2804; x_wconf 92' lang='lat' dir='ltr'><strong>bus</strong></span> <span class='ocrx_word' id='word_1_230' title='bbox 1772 2758 1861 2824; x_wconf 82' lang='lat' dir='ltr'><strong>expe</strong></span> 
     </span>
     <span class='ocr_line' id='line_1_22' title="bbox 475 2842 1861 2933; baseline 0.001 -22"><span class='ocrx_word' id='word_1_231' title='bbox 475 2847 626 2930; x_wconf 74' lang='lat' dir='ltr'><strong>rimetisq3</strong></span> <span class='ocrx_word' id='word_1_232' title='bbox 651 2865 723 2910; x_wconf 89' lang='lat' dir='ltr'><strong>con·</strong></span> <span class='ocrx_word' id='word_1_233' title='bbox 733 2848 748 2928; x_wconf 94' lang='grc' dir='ltr'><em>Ι</em></span> <span class='ocrx_word' id='word_1_234' title='bbox 764 2842 899 2918; x_wconf 72' lang='lat' dir='ltr'><strong>firmata,</strong></span> <span class='ocrx_word' id='word_1_235' title='bbox 924 2845 973 2909; x_wconf 94' lang='lat' dir='ltr'><strong>Li·</strong></span> <span class='ocrx_word' id='word_1_236' title='bbox 984 2850 998 2926; x_wconf 95' lang='grc' dir='ltr'><em>Ι</em></span> <span class='ocrx_word' id='word_1_237' title='bbox 1005 2844 1072 2911; x_wconf 91' lang='lat' dir='ltr'><strong>ber.</strong></span> <span class='ocrx_word' id='word_1_238' title='bbox 1086 2849 1099 2927; x_wconf 94' lang='grc' dir='ltr'><em>Ι</em></span> <span class='ocrx_word' id='word_1_239' title='bbox 1115 2845 1190 2932; x_wconf 79' lang='lat' dir='ltr'><strong>(inc.</strong></span> <span class='ocrx_word' id='word_1_240' title='bbox 1214 2845 1253 2911; x_wconf 75' lang='lat' dir='ltr'><strong>in</strong></span> <span class='ocrx_word' id='word_1_241' title='bbox 1283 2847 1391 2933; x_wconf 82' lang='lat' dir='ltr'><strong>lepno:</strong></span> <span class='ocrx_word' id='word_1_242' title='bbox 1415 2863 1678 2931; x_wconf 75' lang='lat' dir='ltr'><strong>urouopramma</strong></span> <span class='ocrx_word' id='word_1_243' title='bbox 1701 2845 1757 2911; x_wconf 83' lang='lat' dir='ltr'><strong>del</strong></span> <span class='ocrx_word' id='word_1_244' title='bbox 1781 2846 1861 2928; x_wconf 82' lang='lat' dir='ltr'><strong>tipo·</strong></span> 
     </span>
     <span class='ocr_line' id='line_1_23' title="bbox 474 2948 1862 3040; baseline -0.001 -22"><span class='ocrx_word' id='word_1_245' title='bbox 474 2952 578 3040; x_wconf 77' lang='lat' dir='ltr'><strong>proso</strong></span> <span class='ocrx_word' id='word_1_246' title='bbox 583 2973 596 3034; x_wconf 89' lang='lat'><em>;</em></span> <span class='ocrx_word' id='word_1_247' title='bbox 619 2952 752 3018; x_wconf 71' lang='lat' dir='ltr'><strong>intumo</strong></span> <span class='ocrx_word' id='word_1_248' title='bbox 769 2948 851 3017; x_wconf 70' lang='lat' dir='ltr'><strong>iun</strong></span> <span class='ocrx_word' id='word_1_249' title='bbox 865 2957 982 3018; x_wconf 78' lang='lat' dir='ltr'><strong>nostro</strong></span> <span class='ocrx_word' id='word_1_250' title='bbox 998 2953 1048 3019; x_wconf 83' lang='lat' dir='ltr'><strong>cot</strong></span> <span class='ocrx_word' id='word_1_251' title='bbox 1064 2971 1182 3018; x_wconf 75' lang='lat' dir='ltr'><strong>nome:</strong></span> <span class='ocrx_word' id='word_1_252' title='bbox 1198 2971 1350 3019; x_wconf 75' lang='lat' dir='ltr'><strong>suranus</strong></span> <span class='ocrx_word' id='word_1_253' title='bbox 1366 2950 1601 3036; x_wconf 80' lang='lat' dir='ltr'><strong>[os]ssssavs)</strong></span> <span class='ocrx_word' id='word_1_254' title='bbox 1617 2951 1769 3037; x_wconf 81' lang='lat' dir='ltr'><strong>Tiguri</strong></span> <span class='ocrx_word' id='word_1_255' title='bbox 1783 2950 1862 3037; x_wconf 86' lang='lat' dir='ltr'><strong>apud</strong></span> 
     </span>
    </p>
   </div>
   <div class='ocr_carea' id='block_1_5' title="bbox 473 3058 1441 3141">
    <p class='ocr_par' dir='ltr' id='par_1_8' title="bbox 473 3058 1441 3141">
     <span class='ocr_line' id='line_1_24' title="bbox 473 3058 1441 3141; baseline -0.003 -16"><span class='ocrx_word' id='word_1_256' title='bbox 473 3058 636 3125; x_wconf 86' lang='lat' dir='ltr'><strong>Andream</strong></span> <span class='ocrx_word' id='word_1_257' title='bbox 660 3059 889 3124; x_wconf 86' lang='lat' dir='ltr'><strong>Gesnerum</strong></span> <span class='ocrx_word' id='word_1_258' title='bbox 914 3058 1070 3124; x_wconf 91' lang='lat' dir='ltr'><strong>iuniorem</strong></span> <span class='ocrx_word' id='word_1_259' title='bbox 1083 3062 1096 3141; x_wconf 94' lang='grc' dir='ltr'><em>Ι</em></span> <span class='ocrx_word' id='word_1_260' title='bbox 1109 3060 1204 3124; x_wconf 81' lang='lat' dir='ltr'><strong>Anno</strong></span> <span class='ocrx_word' id='word_1_261' title='bbox 1227 3059 1283 3124; x_wconf 86' lang='lat' dir='ltr'><strong>De.</strong></span> <span class='ocrx_word' id='word_1_262' title='bbox 1311 3059 1404 3125; x_wconf 85' lang='lat'>1559.</span> <span class='ocrx_word' id='word_1_263' title='bbox 1423 3080 1441 3122; x_wconf 83' lang='lat'>›</span> 
     </span>
    </p>
   </div>
   <div class='ocr_carea' id='block_1_6' title="bbox 475 3180 1861 3463">
    <p class='ocr_par' dir='ltr' id='par_1_9' title="bbox 475 3180 1861 3463">
     <span class='ocr_line' id='line_1_25' title="bbox 526 3180 1225 3251; baseline 0.001 -16"><span class='ocrx_word' id='word_1_264' title='bbox 526 3180 557 3236; x_wconf 97' lang='lat' dir='ltr'><strong>ln</strong></span> <span class='ocrx_word' id='word_1_265' title='bbox 575 3181 600 3235; x_wconf 83' lang='lat'><strong>8.</strong></span> <span class='ocrx_word' id='word_1_266' title='bbox 620 3209 653 3223; x_wconf 92' lang='lat'><em>-</em></span> <span class='ocrx_word' id='word_1_267' title='bbox 672 3181 726 3236; x_wconf 87' lang='lat' dir='ltr'><strong>luo.</strong></span> <span class='ocrx_word' id='word_1_268' title='bbox 745 3181 774 3235; x_wconf 92' lang='lat' dir='ltr'><strong>in</strong></span> <span class='ocrx_word' id='word_1_269' title='bbox 793 3180 876 3251; x_wconf 79' lang='lat' dir='ltr'><strong>legno</strong></span> <span class='ocrx_word' id='word_1_270' title='bbox 895 3181 1059 3237; x_wconf 81' lang='lat' dir='ltr'><strong>intercalste</strong></span> <span class='ocrx_word' id='word_1_271' title='bbox 1078 3181 1125 3237; x_wconf 85' lang='lat' dir='ltr'><strong>nel</strong></span> <span class='ocrx_word' id='word_1_272' title='bbox 1144 3185 1225 3237; x_wconf 83' lang='lat' dir='ltr'><strong>testo.</strong></span> 
     </span>
     <span class='ocr_line' id='line_1_26' title="bbox 526 3286 1861 3359; baseline -0.001 -16"><span class='ocrx_word' id='word_1_273' title='bbox 526 3288 710 3344; x_wconf 60' lang='lat' dir='ltr'><strong>ima-mlh</strong></span> <span class='ocrx_word' id='word_1_274' title='bbox 729 3303 936 3343; x_wconf 75' lang='lat' dir='ltr'><strong>ursesumnns.</strong></span> <span class='ocrx_word' id='word_1_275' title='bbox 955 3317 989 3330; x_wconf 97' lang='lat'>-</span> <span class='ocrx_word' id='word_1_276' title='bbox 1008 3287 1075 3358; x_wconf 79' lang='lat' dir='ltr'><strong>Lug.</strong></span> <span class='ocrx_word' id='word_1_277' title='bbox 1094 3289 1123 3342; x_wconf 93' lang='lat' dir='ltr'><strong>in</strong></span> <span class='ocrx_word' id='word_1_278' title='bbox 1142 3287 1215 3359; x_wconf 88' lang='lat' dir='ltr'><strong>pelle</strong></span> <span class='ocrx_word' id='word_1_279' title='bbox 1233 3289 1322 3343; x_wconf 85' lang='lat' dir='ltr'><strong>suins.</strong></span> <span class='ocrx_word' id='word_1_280' title='bbox 1346 3317 1380 3330; x_wconf 96' lang='lat'>-</span> <span class='ocrx_word' id='word_1_281' title='bbox 1399 3286 1523 3359; x_wconf 79' lang='lat' dir='ltr'><strong>Impress</strong></span> <span class='ocrx_word' id='word_1_282' title='bbox 1543 3286 1569 3342; x_wconf 90' lang='lat' dir='ltr'><strong>di</strong></span> <span class='ocrx_word' id='word_1_283' title='bbox 1593 3291 1730 3343; x_wconf 84' lang='lat' dir='ltr'><strong>conterno</strong></span> <span class='ocrx_word' id='word_1_284' title='bbox 1749 3286 1797 3343; x_wconf 89' lang='lat' dir='ltr'><strong>nel</strong></span> <span class='ocrx_word' id='word_1_285' title='bbox 1813 3287 1861 3343; x_wconf 81' lang='lat' dir='ltr'><strong>Dr.</strong></span> 
     </span>
     <span class='ocr_line' id='line_1_27' title="bbox 475 3393 778 3463; baseline -0.007 -13"><span class='ocrx_word' id='word_1_286' title='bbox 475 3395 555 3450; x_wconf 88' lang='lat' dir='ltr'><strong>enel</strong></span> <span class='ocrx_word' id='word_1_287' title='bbox 573 3393 609 3450; x_wconf 80' lang='lat' dir='ltr'><strong>R.</strong></span> <span class='ocrx_word' id='word_1_288' title='bbox 629 3394 778 3463; x_wconf 78' lang='lat' dir='ltr'><strong>confregi</strong></span> 
     </span>
    </p>
   </div>
   <div class='ocr_carea' id='block_1_7' title="bbox 322 3552 1869 5025">
    <p class='ocr_par' dir='ltr' id='par_1_10' title="bbox 322 3552 1869 4812">
     <span class='ocr_line' id='line_1_28' title="bbox 322 3552 1860 3642; baseline -0.005 -16"><span class='ocrx_word' id='word_1_289' title='bbox 322 3555 402 3626; x_wconf 78' lang='lat'><strong>922.</strong></span> <span class='ocrx_word' id='word_1_290' title='bbox 425 3552 544 3624; x_wconf 77' lang='lat' dir='ltr'><strong>Vasco</strong></span> <span class='ocrx_word' id='word_1_291' title='bbox 572 3577 596 3642; x_wconf 89' lang='lat' dir='ltr'>y</span> <span class='ocrx_word' id='word_1_292' title='bbox 625 3552 755 3626; x_wconf 78' lang='lat' dir='ltr'><strong>castro</strong></span> <span class='ocrx_word' id='word_1_293' title='bbox 782 3554 907 3620; x_wconf 86' lang='lat' dir='ltr'><strong>Petrus.</strong></span> <span class='ocrx_word' id='word_1_294' title='bbox 933 3591 977 3604; x_wconf 98' lang='lat'>-</span> <span class='ocrx_word' id='word_1_295' title='bbox 1002 3556 1293 3622; x_wconf 76' lang='lat' dir='ltr'><strong>«Exercitationes</strong></span> <span class='ocrx_word' id='word_1_296' title='bbox 1304 3560 1318 3636; x_wconf 98' lang='grc' dir='ltr'><em>Ι</em></span> <span class='ocrx_word' id='word_1_297' title='bbox 1331 3555 1545 3630; x_wconf 84' lang='lat' dir='ltr'><strong>medicinales,</strong></span> <span class='ocrx_word' id='word_1_298' title='bbox 1557 3561 1571 3639; x_wconf 98' lang='grc' dir='ltr'><em>Ι</em></span> <span class='ocrx_word' id='word_1_299' title='bbox 1583 3555 1624 3620; x_wconf 87' lang='lat' dir='ltr'><strong>ad</strong></span> <span class='ocrx_word' id='word_1_300' title='bbox 1651 3575 1765 3623; x_wconf 90' lang='lat' dir='ltr'><strong>omnes</strong></span> <span class='ocrx_word' id='word_1_301' title='bbox 1792 3556 1860 3622; x_wconf 86' lang='lat' dir='ltr'><strong>tho-</strong></span> 
     </span>
     <span class='ocr_line' id='line_1_29' title="bbox 473 3658 1861 3750; baseline 0 -22"><span class='ocrx_word' id='word_1_302' title='bbox 473 3662 558 3728; x_wconf 84' lang='lat' dir='ltr'><strong>racis</strong></span> <span class='ocrx_word' id='word_1_303' title='bbox 581 3658 724 3735; x_wconf 84' lang='lat' dir='ltr'><strong>affectus,</strong></span> <span class='ocrx_word' id='word_1_304' title='bbox 741 3660 876 3743; x_wconf 70' lang='lat' dir='ltr'><strong>sdecem</strong></span> <span class='ocrx_word' id='word_1_305' title='bbox 892 3661 1093 3728; x_wconf 82' lang='lat' dir='ltr'><strong>Tractatibus</strong></span> <span class='ocrx_word' id='word_1_306' title='bbox 1108 3662 1269 3728; x_wconf 73' lang='lat' dir='ltr'><strong>absolutas.</strong></span> <span class='ocrx_word' id='word_1_307' title='bbox 1283 3664 1297 3743; x_wconf 99' lang='grc' dir='ltr'><em>Ι</em></span> <span class='ocrx_word' id='word_1_308' title='bbox 1310 3662 1452 3738; x_wconf 84' lang='lat' dir='ltr'><strong>Quorum</strong></span> <span class='ocrx_word' id='word_1_309' title='bbox 1464 3667 1478 3743; x_wconf 96' lang='grc' dir='ltr'><em>Ι</em></span> <span class='ocrx_word' id='word_1_310' title='bbox 1487 3664 1615 3728; x_wconf 87' lang='lat' dir='ltr'><strong>Primus</strong></span> <span class='ocrx_word' id='word_1_311' title='bbox 1638 3670 1688 3729; x_wconf 89' lang='lat' dir='ltr'><strong>est</strong></span> <span class='ocrx_word' id='word_1_312' title='bbox 1703 3665 1861 3750; x_wconf 80' lang='lat' dir='ltr'><strong>Anginal</strong></span> 
     </span>
     <span class='ocr_line' id='line_1_30' title="bbox 474 3767 1863 3854; baseline -0.001 -19"><span class='ocrx_word' id='word_1_313' title='bbox 474 3768 637 3835; x_wconf 88' lang='lat' dir='ltr'><strong>Secundus</strong></span> <span class='ocrx_word' id='word_1_314' title='bbox 660 3767 699 3833; x_wconf 89' lang='lat' dir='ltr'><strong>de</strong></span> <span class='ocrx_word' id='word_1_315' title='bbox 711 3768 812 3833; x_wconf 84' lang='lat' dir='ltr'><strong>Tussi.</strong></span> <span class='ocrx_word' id='word_1_316' title='bbox 825 3770 839 3848; x_wconf 97' lang='grc' dir='ltr'><em>Ι</em></span> <span class='ocrx_word' id='word_1_317' title='bbox 847 3768 975 3833; x_wconf 83' lang='lat' dir='ltr'><strong>Tertius</strong></span> <span class='ocrx_word' id='word_1_318' title='bbox 989 3767 1030 3833; x_wconf 91' lang='lat' dir='ltr'><strong>de</strong></span> <span class='ocrx_word' id='word_1_319' title='bbox 1045 3769 1222 3835; x_wconf 84' lang='lat' dir='ltr'><strong>Asthmate.</strong></span> <span class='ocrx_word' id='word_1_320' title='bbox 1232 3772 1246 3850; x_wconf 97' lang='grc' dir='ltr'><em>Ι</em></span> <span class='ocrx_word' id='word_1_321' title='bbox 1255 3768 1395 3843; x_wconf 83' lang='lat' dir='ltr'><strong>Quartus</strong></span> <span class='ocrx_word' id='word_1_322' title='bbox 1411 3767 1451 3833; x_wconf 90' lang='lat' dir='ltr'><strong>de</strong></span> <span class='ocrx_word' id='word_1_323' title='bbox 1466 3768 1631 3854; x_wconf 81' lang='lat' dir='ltr'><strong>sanguinis</strong></span> <span class='ocrx_word' id='word_1_324' title='bbox 1652 3774 1697 3835; x_wconf 88' lang='lat' dir='ltr'><strong>to.</strong></span> <span class='ocrx_word' id='word_1_325' title='bbox 1706 3772 1720 3850; x_wconf 97' lang='grc' dir='ltr'><em>Ι</em></span> <span class='ocrx_word' id='word_1_326' title='bbox 1729 3767 1863 3844; x_wconf 82' lang='lat' dir='ltr'><strong>Quintus</strong></span> 
     </span>
     <span class='ocr_line' id='line_1_31' title="bbox 473 3873 1863 3961; baseline 0 -21"><span class='ocrx_word' id='word_1_327' title='bbox 473 3874 513 3940; x_wconf 89' lang='lat' dir='ltr'><strong>de</strong></span> <span class='ocrx_word' id='word_1_328' title='bbox 536 3873 724 3940; x_wconf 89' lang='lat' dir='ltr'><strong>Pleuritide.</strong></span> <span class='ocrx_word' id='word_1_329' title='bbox 738 3874 879 3953; x_wconf 65' lang='lat' dir='ltr'><strong>[Sextus</strong></span> <span class='ocrx_word' id='word_1_330' title='bbox 894 3873 934 3939; x_wconf 89' lang='lat' dir='ltr'><strong>de</strong></span> <span class='ocrx_word' id='word_1_331' title='bbox 950 3875 1230 3960; x_wconf 88' lang='lat' dir='ltr'><strong>Peripneumonia.</strong></span> <span class='ocrx_word' id='word_1_332' title='bbox 1243 3881 1256 3958; x_wconf 97' lang='grc' dir='ltr'><em>Ι</em></span> <span class='ocrx_word' id='word_1_333' title='bbox 1269 3875 1427 3961; x_wconf 87' lang='lat' dir='ltr'><strong>Septimus</strong></span> <span class='ocrx_word' id='word_1_334' title='bbox 1450 3873 1490 3940; x_wconf 89' lang='lat' dir='ltr'><strong>de</strong></span> <span class='ocrx_word' id='word_1_335' title='bbox 1512 3875 1735 3961; x_wconf 81' lang='lat' dir='ltr'><strong>Empyemate.</strong></span> <span class='ocrx_word' id='word_1_336' title='bbox 1749 3874 1863 3959; x_wconf 65' lang='lat' dir='ltr'><strong>lopu-</strong></span> 
     </span>
     <span class='ocr_line' id='line_1_32' title="bbox 472 3979 1863 4067; baseline -0.001 -20"><span class='ocrx_word' id='word_1_337' title='bbox 472 4003 531 4047; x_wconf 88' lang='lat' dir='ltr'><strong>uus</strong></span> <span class='ocrx_word' id='word_1_338' title='bbox 554 3981 593 4047; x_wconf 89' lang='lat' dir='ltr'><strong>de</strong></span> <span class='ocrx_word' id='word_1_339' title='bbox 617 3981 753 4047; x_wconf 89' lang='lat' dir='ltr'><strong>Phthisi.</strong></span> <span class='ocrx_word' id='word_1_340' title='bbox 767 3983 781 4060; x_wconf 98' lang='grc' dir='ltr'><em>Ι</em></span> <span class='ocrx_word' id='word_1_341' title='bbox 794 3981 902 4046; x_wconf 90' lang='lat' dir='ltr'><strong>Nonus</strong></span> <span class='ocrx_word' id='word_1_342' title='bbox 924 3979 964 4046; x_wconf 90' lang='lat' dir='ltr'><strong>de</strong></span> <span class='ocrx_word' id='word_1_343' title='bbox 979 3981 1084 4047; x_wconf 88' lang='lat' dir='ltr'><strong>cordis</strong></span> <span class='ocrx_word' id='word_1_344' title='bbox 1099 3982 1313 4067; x_wconf 81' lang='lat' dir='ltr'><strong>palpitatione.</strong></span> <span class='ocrx_word' id='word_1_345' title='bbox 1330 3982 1478 4047; x_wconf 86' lang='lat' dir='ltr'><strong>Decimus</strong></span> <span class='ocrx_word' id='word_1_346' title='bbox 1495 3980 1535 4046; x_wconf 91' lang='lat' dir='ltr'><strong>de</strong></span> <span class='ocrx_word' id='word_1_347' title='bbox 1550 3980 1710 4067; x_wconf 88' lang='lat' dir='ltr'><strong>Syncope.</strong></span> <span class='ocrx_word' id='word_1_348' title='bbox 1719 3984 1734 4063; x_wconf 97' lang='grc' dir='ltr'><em>Ι</em></span> <span class='ocrx_word' id='word_1_349' title='bbox 1744 3981 1863 4056; x_wconf 90' lang='lat' dir='ltr'><strong>Quibus</strong></span> 
     </span>
     <span class='ocr_line' id='line_1_33' title="bbox 472 4085 1864 4175; baseline -0.001 -23"><span class='ocrx_word' id='word_1_350' title='bbox 472 4087 627 4173; x_wconf 77' lang='lat' dir='ltr'><strong>perqudm</strong></span> <span class='ocrx_word' id='word_1_351' title='bbox 649 4086 756 4152; x_wconf 82' lang='lat' dir='ltr'><strong>multae</strong></span> <span class='ocrx_word' id='word_1_352' title='bbox 779 4106 870 4152; x_wconf 86' lang='lat' dir='ltr'><strong>nouae</strong></span> <span class='ocrx_word' id='word_1_353' title='bbox 894 4085 1095 4154; x_wconf 85' lang='lat' dir='ltr'><strong>difficultates</strong></span> <span class='ocrx_word' id='word_1_354' title='bbox 1118 4087 1252 4160; x_wconf 88' lang='lat' dir='ltr'><strong>Medico,</strong></span> <span class='ocrx_word' id='word_1_355' title='bbox 1273 4107 1312 4153; x_wconf 86' lang='lat' dir='ltr'><strong>ac</strong></span> <span class='ocrx_word' id='word_1_356' title='bbox 1327 4088 1479 4175; x_wconf 78' lang='lat' dir='ltr'><strong>Physica</strong></span> <span class='ocrx_word' id='word_1_357' title='bbox 1496 4091 1562 4152; x_wconf 86' lang='lat' dir='ltr'><strong>tam</strong></span> <span class='ocrx_word' id='word_1_358' title='bbox 1578 4087 1747 4153; x_wconf 85' lang='lat' dir='ltr'><strong>Theoricae</strong></span> <span class='ocrx_word' id='word_1_359' title='bbox 1771 4087 1864 4172; x_wconf 83' lang='lat' dir='ltr'><strong>quhm</strong></span> 
     </span>
     <span class='ocr_line' id='line_1_34' title="bbox 472 4193 1866 4280; baseline 0.001 -22"><span class='ocrx_word' id='word_1_360' title='bbox 472 4195 632 4279; x_wconf 80' lang='lat' dir='ltr'><strong>practicae,</strong></span> <span class='ocrx_word' id='word_1_361' title='bbox 646 4199 660 4276; x_wconf 97' lang='grc' dir='ltr'><em>Ι</em></span> <span class='ocrx_word' id='word_1_362' title='bbox 674 4193 892 4268; x_wconf 88' lang='lat' dir='ltr'><strong>discutiuntur,</strong></span> <span class='ocrx_word' id='word_1_363' title='bbox 917 4193 1000 4280; x_wconf 84' lang='lat' dir='ltr'><strong>(eto.)</strong></span> <span class='ocrx_word' id='word_1_364' title='bbox 1012 4194 1123 4278; x_wconf 63' lang='lat' dir='ltr'><strong>[Opus</strong></span> <span class='ocrx_word' id='word_1_365' title='bbox 1145 4193 1289 4259; x_wconf 90' lang='lat' dir='ltr'><strong>omnibus</strong></span> <span class='ocrx_word' id='word_1_366' title='bbox 1304 4193 1446 4268; x_wconf 85' lang='lat' dir='ltr'><strong>Medicis,</strong></span> <span class='ocrx_word' id='word_1_367' title='bbox 1470 4213 1510 4259; x_wconf 85' lang='lat' dir='ltr'><strong>ac</strong></span> <span class='ocrx_word' id='word_1_368' title='bbox 1533 4193 1749 4280; x_wconf 68' lang='lat' dir='ltr'><strong>Philosophia</strong></span> <span class='ocrx_word' id='word_1_369' title='bbox 1774 4214 1866 4260; x_wconf 87' lang='lat' dir='ltr'><strong>usum</strong></span> 
     </span>
     <span class='ocr_line' id='line_1_35' title="bbox 472 4296 1865 4386; baseline 0.001 -21"><span class='ocrx_word' id='word_1_370' title='bbox 472 4320 585 4365; x_wconf 83' lang='lat' dir='ltr'><strong>causas</strong></span> <span class='ocrx_word' id='word_1_371' title='bbox 599 4300 895 4386; x_wconf 76' lang='lat' dir='ltr'><strong>peruestiguntibus</strong></span> <span class='ocrx_word' id='word_1_372' title='bbox 914 4296 1061 4373; x_wconf 66' lang='lat' dir='ltr'><strong>&amp;recte</strong></span> <span class='ocrx_word' id='word_1_373' title='bbox 1078 4301 1221 4381; x_wconf 66' lang='lat' dir='ltr'><strong>utiliter]</strong></span> <span class='ocrx_word' id='word_1_374' title='bbox 1229 4307 1324 4386; x_wconf 81' lang='lat' dir='ltr'><strong>atque</strong></span> <span class='ocrx_word' id='word_1_375' title='bbox 1335 4299 1461 4374; x_wconf 79' lang='lat' dir='ltr'><strong>decore,</strong></span> <span class='ocrx_word' id='word_1_376' title='bbox 1478 4298 1563 4386; x_wconf 83' lang='lat' dir='ltr'><strong>(ele.)</strong></span> <span class='ocrx_word' id='word_1_377' title='bbox 1571 4304 1585 4381; x_wconf 95' lang='grc' dir='ltr'><em>Ι</em></span> <span class='ocrx_word' id='word_1_378' title='bbox 1596 4301 1747 4366; x_wconf 86' lang='lat' dir='ltr'><strong>Authore</strong></span> <span class='ocrx_word' id='word_1_379' title='bbox 1764 4301 1865 4366; x_wconf 89' lang='lat' dir='ltr'><strong>Petro</strong></span> 
     </span>
     <span class='ocr_line' id='line_1_36' title="bbox 473 4406 1866 4495; baseline -0.002 -22"><span class='ocrx_word' id='word_1_380' title='bbox 473 4408 582 4474; x_wconf 85' lang='lat' dir='ltr'><strong>Vasco</strong></span> <span class='ocrx_word' id='word_1_381' title='bbox 606 4406 743 4472; x_wconf 86' lang='lat' dir='ltr'><strong>Castello</strong></span> <span class='ocrx_word' id='word_1_382' title='bbox 764 4408 901 4473; x_wconf 89' lang='lat' dir='ltr'><strong>Doctore</strong></span> <span class='ocrx_word' id='word_1_383' title='bbox 924 4406 1061 4480; x_wconf 85' lang='lat' dir='ltr'><strong>Medico,</strong></span> <span class='ocrx_word' id='word_1_384' title='bbox 1084 4427 1123 4472; x_wconf 90' lang='lat' dir='ltr'><strong>ac</strong></span> <span class='ocrx_word' id='word_1_385' title='bbox 1146 4407 1343 4494; x_wconf 93' lang='lat' dir='ltr'><strong>Philosopho</strong></span> <span class='ocrx_word' id='word_1_386' title='bbox 1371 4408 1531 4474; x_wconf 89' lang='lat' dir='ltr'><strong>Lusitano.</strong></span> <span class='ocrx_word' id='word_1_387' title='bbox 1548 4411 1563 4489; x_wconf 99' lang='grc' dir='ltr'><em>Ι</em></span> <span class='ocrx_word' id='word_1_388' title='bbox 1578 4407 1657 4493; x_wconf 78' lang='lat' dir='ltr'><strong>(inc.</strong></span> <span class='ocrx_word' id='word_1_389' title='bbox 1680 4407 1718 4473; x_wconf 80' lang='lat' dir='ltr'><strong>in</strong></span> <span class='ocrx_word' id='word_1_390' title='bbox 1747 4409 1866 4495; x_wconf 73' lang='lat' dir='ltr'><strong>leyno:</strong></span> 
     </span>
     <span class='ocr_line' id='line_1_37' title="bbox 471 4513 1868 4601; baseline 0.001 -23"><span class='ocrx_word' id='word_1_391' title='bbox 471 4516 584 4601; x_wconf 68' lang='lat' dir='ltr'><strong>pipere</strong></span> <span class='ocrx_word' id='word_1_392' title='bbox 597 4513 633 4578; x_wconf 85' lang='lat' dir='ltr'><strong>di</strong></span> <span class='ocrx_word' id='word_1_393' title='bbox 644 4514 760 4579; x_wconf 80' lang='lat' dir='ltr'><strong>donno</strong></span> <span class='ocrx_word' id='word_1_394' title='bbox 774 4513 811 4578; x_wconf 81' lang='lat' dir='ltr'><strong>iu</strong></span> <span class='ocrx_word' id='word_1_395' title='bbox 828 4513 916 4580; x_wconf 81' lang='lat' dir='ltr'><strong>obito</strong></span> <span class='ocrx_word' id='word_1_396' title='bbox 931 4513 1118 4600; x_wconf 70' lang='lat' dir='ltr'><strong>premiere,</strong></span> <span class='ocrx_word' id='word_1_397' title='bbox 1131 4514 1250 4579; x_wconf 74' lang='lat' dir='ltr'><strong>sedula</strong></span> <span class='ocrx_word' id='word_1_398' title='bbox 1260 4513 1298 4579; x_wconf 83' lang='lat' dir='ltr'><strong>in</strong></span> <span class='ocrx_word' id='word_1_399' title='bbox 1311 4519 1403 4580; x_wconf 66' lang='lat' dir='ltr'><strong>terra</strong></span> <span class='ocrx_word' id='word_1_400' title='bbox 1417 4533 1435 4580; x_wconf 90' lang='lat' dir='ltr'><strong>e</strong></span> <span class='ocrx_word' id='word_1_401' title='bbox 1445 4513 1613 4601; x_wconf 76' lang='lat' dir='ltr'><strong>poppiatu</strong></span> <span class='ocrx_word' id='word_1_402' title='bbox 1623 4515 1709 4581; x_wconf 77' lang='lat' dir='ltr'><strong>sulio</strong></span> <span class='ocrx_word' id='word_1_403' title='bbox 1722 4519 1868 4580; x_wconf 80' lang='lat' dir='ltr'><strong>stemma</strong></span> 
     </span>
     <span class='ocr_line' id='line_1_38' title="bbox 470 4618 1869 4707; baseline 0 -21"><span class='ocrx_word' id='word_1_404' title='bbox 470 4621 560 4686; x_wconf 81' lang='lat' dir='ltr'><strong>della</strong></span> <span class='ocrx_word' id='word_1_405' title='bbox 583 4618 660 4686; x_wconf 80' lang='lat' dir='ltr'><strong>citici</strong></span> <span class='ocrx_word' id='word_1_406' title='bbox 684 4620 720 4685; x_wconf 85' lang='lat' dir='ltr'><strong>di</strong></span> <span class='ocrx_word' id='word_1_407' title='bbox 749 4618 881 4704; x_wconf 80' lang='lat' dir='ltr'><strong>Tolosa)</strong></span> <span class='ocrx_word' id='word_1_408' title='bbox 905 4620 1083 4686; x_wconf 83' lang='lat' dir='ltr'><strong>Tolosae</strong></span> <span class='ocrx_word' id='word_1_409' title='bbox 1106 4640 1178 4685; x_wconf 92' lang='lat' dir='ltr'><strong>cum</strong></span> <span class='ocrx_word' id='word_1_410' title='bbox 1201 4620 1369 4705; x_wconf 81' lang='lat' dir='ltr'><strong>privilegio</strong></span> <span class='ocrx_word' id='word_1_411' title='bbox 1393 4621 1488 4705; x_wconf 78' lang='lat' dir='ltr'><strong>regis.</strong></span> <span class='ocrx_word' id='word_1_412' title='bbox 1501 4624 1515 4702; x_wconf 96' lang='grc' dir='ltr'><em>Ι</em></span> <span class='ocrx_word' id='word_1_413' title='bbox 1528 4619 1711 4707; x_wconf 88' lang='lat' dir='ltr'><strong>Sumptibus</strong></span> <span class='ocrx_word' id='word_1_414' title='bbox 1737 4621 1869 4686; x_wconf 89' lang='lat' dir='ltr'><strong>Ioannis</strong></span> 
     </span>
     <span class='ocr_line' id='line_1_39' title="bbox 468 4726 1518 4812; baseline -0.001 -20"><span class='ocrx_word' id='word_1_415' title='bbox 468 4727 560 4793; x_wconf 89' lang='lat' dir='ltr'><strong>Petri</strong></span> <span class='ocrx_word' id='word_1_416' title='bbox 584 4726 760 4792; x_wconf 85' lang='lat' dir='ltr'><strong>Gharlot</strong></span> <span class='ocrx_word' id='word_1_417' title='bbox 783 4726 968 4812; x_wconf 76' lang='lat' dir='ltr'><strong>Bibliopolas</strong></span> <span class='ocrx_word' id='word_1_418' title='bbox 991 4726 1211 4812; x_wconf 82' lang='lat' dir='ltr'><strong>Lugdunensis</strong></span> <span class='ocrx_word' id='word_1_419' title='bbox 1234 4729 1248 4808; x_wconf 94' lang='grc' dir='ltr'><em>Ι</em></span> <span class='ocrx_word' id='word_1_420' title='bbox 1261 4746 1287 4792; x_wconf 83' lang='lat' dir='ltr'><strong>rr</strong></span> <span class='ocrx_word' id='word_1_421' title='bbox 1301 4775 1307 4790; x_wconf 93' lang='lat'><strong>.</strong></span> <span class='ocrx_word' id='word_1_422' title='bbox 1322 4745 1364 4792; x_wconf 90' lang='lat' dir='ltr'><strong>no</strong></span> <span class='ocrx_word' id='word_1_423' title='bbox 1377 4775 1385 4790; x_wconf 88' lang='lat'><strong>.</strong></span> <span class='ocrx_word' id='word_1_424' title='bbox 1398 4744 1481 4794; x_wconf 83' lang='lat' dir='ltr'>xv1.</span> <span class='ocrx_word' id='word_1_425' title='bbox 1499 4748 1518 4791; x_wconf 78' lang='lat'><strong>&gt;</strong></span> 
     </span>
    </p>

    <p class='ocr_par' dir='ltr' id='par_1_11' title="bbox 520 4847 1482 5025">
     <span class='ocr_line' id='line_1_40' title="bbox 520 4847 1144 4919; baseline 0.002 -17"><span class='ocrx_word' id='word_1_426' title='bbox 520 4847 551 4903; x_wconf 92' lang='lat' dir='ltr'><strong>ln</strong></span> <span class='ocrx_word' id='word_1_427' title='bbox 569 4848 594 4902; x_wconf 81' lang='lat'><strong>4.</strong></span> <span class='ocrx_word' id='word_1_428' title='bbox 614 4848 698 4903; x_wconf 84' lang='lat' dir='ltr'><strong>Parte</strong></span> <span class='ocrx_word' id='word_1_429' title='bbox 717 4847 760 4902; x_wconf 91' lang='lat' dir='ltr'><strong>del</strong></span> <span class='ocrx_word' id='word_1_430' title='bbox 779 4849 957 4919; x_wconf 80' lang='lat' dir='ltr'><strong>frontespizio</strong></span> <span class='ocrx_word' id='word_1_431' title='bbox 976 4847 991 4903; x_wconf 83' lang='lat' dir='ltr'><strong>h</strong></span> <span class='ocrx_word' id='word_1_432' title='bbox 1010 4849 1038 4904; x_wconf 91' lang='lat' dir='ltr'><strong>iu</strong></span> <span class='ocrx_word' id='word_1_433' title='bbox 1059 4864 1144 4903; x_wconf 85' lang='lat' dir='ltr'><strong>rosso.</strong></span> 
     </span>
     <span class='ocr_line' id='line_1_41' title="bbox 520 4953 1482 5025; baseline 0.002 -16"><span class='ocrx_word' id='word_1_434' title='bbox 520 4953 586 5024; x_wconf 78' lang='lat' dir='ltr'><strong>Leg.</strong></span> <span class='ocrx_word' id='word_1_435' title='bbox 605 4954 634 5009; x_wconf 91' lang='lat' dir='ltr'><strong>iu</strong></span> <span class='ocrx_word' id='word_1_436' title='bbox 652 4953 725 5025; x_wconf 89' lang='lat' dir='ltr'><strong>pelle</strong></span> <span class='ocrx_word' id='word_1_437' title='bbox 743 4955 830 5009; x_wconf 86' lang='lat' dir='ltr'><strong>suina.</strong></span> <span class='ocrx_word' id='word_1_438' title='bbox 850 4982 884 4997; x_wconf 94' lang='lat'>-</span> <span class='ocrx_word' id='word_1_439' title='bbox 903 4954 1026 5025; x_wconf 81' lang='lat' dir='ltr'><strong>lmpress</strong></span> <span class='ocrx_word' id='word_1_440' title='bbox 1046 4959 1132 5011; x_wconf 71' lang='lat' dir='ltr'><strong>canu.</strong></span> <span class='ocrx_word' id='word_1_441' title='bbox 1153 4956 1183 5016; x_wconf 83' lang='lat' dir='ltr'><strong>Q.</strong></span> <span class='ocrx_word' id='word_1_442' title='bbox 1202 4953 1249 5010; x_wconf 88' lang='lat' dir='ltr'><strong>nel</strong></span> <span class='ocrx_word' id='word_1_443' title='bbox 1270 4954 1324 5012; x_wconf 78' lang='lat' dir='ltr'><strong>Dr.</strong></span> <span class='ocrx_word' id='word_1_444' title='bbox 1343 4970 1360 5010; x_wconf 85' lang='lat' dir='ltr'><strong>e</strong></span> <span class='ocrx_word' id='word_1_445' title='bbox 1378 4954 1426 5010; x_wconf 88' lang='lat' dir='ltr'><strong>nel</strong></span> <span class='ocrx_word' id='word_1_446' title='bbox 1443 4953 1482 5011; x_wconf 77' lang='lat' dir='ltr'><strong>R.</strong></span> 
     </span>
    </p>
   </div>
   <div class='ocr_carea' id='block_1_8' title="bbox 0 0 2188 6052">
    <p class='ocr_par' dir='ltr' id='par_1_12' title="bbox 0 0 2188 6052">
     <span class='ocr_line' id='line_1_42' title="bbox 0 0 2188 6052; baseline 0 0"><span class='ocrx_word' id='word_1_447' title='bbox 0 0 2188 6052; x_wconf 95' lang='lat' dir='ltr'><strong> </strong></span> 
     </span>
    </p>
   </div>
  </div>
 </body>
</html>
