4366 6052
1235 443 1432 509 -102-

722 589 841 653 Votum
852 587 1007 672 Delphino
1023 587 1177 651 Franoiae.
1192 590 1204 666 Ι
1217 589 1358 652 Ausonia
1373 588 1520 652 cecinere
1531 588 1607 652 olim
1618 585 1680 653 lide
1693 589 1834 652 carmina
1848 587 1948 661 multi,
1962 585 2096 675 ΙΙεΙοΙΙ

723 690 799 780 (inc.
816 694 853 757 in
868 695 963 779 legno
979 692 1023 757 id.
1040 712 1098 757 ma
1108 689 1171 775 piri
1182 692 1282 781 pico.)
1299 694 1480 759 Parisiis
1492 698 1505 775 Ι
1518 693 1610 779 Apud
1625 690 1696 779 (etc.
1714 712 1805 760 come
1818 694 1874 759 nel
1886 692 1928 758 N.
1941 692 2051 782 pree.)
2066 716 2096 760 u.

773 814 803 868 ln
821 814 867 868 fol.

772 921 949 977 idda-ult
967 936 1171 977 miseriraum.
1190 950 1224 965 -
1243 922 1308 992 Leg.
1321 922 1349 976 in
1362 921 1434 992 pelle
1452 921 1539 989 mina,
1557 922 1679 993 impress.
1698 925 1785 978 contr.
1803 923 1829 976 S.
1847 921 1894 977 nel
1910 921 1963 978 Dr.
1975 939 1992 978 e
2004 921 2051 977 nel
2062 922 2097 979 R

572 1097 656 1168 442.
680 1097 871 1185 Dempeter
881 1101 1025 1167 Thomas.
1040 1136 1083 1151 -
1097 1120 1115 1164 ι
1131 1103 1360 1184 Antiquitatum
1368 1105 1381 1180 Ι
1391 1103 1606 1167 Romanarum
1614 1106 1627 1184 Ι
1636 1120 1751 1186 corpus
1765 1099 1878 1182 abso-l
1886 1101 2075 1166 lutissimum
2083 1104 2097 1182 Ι

720 1208 753 1271 in
775 1227 836 1292 quo
849 1210 862 1287 Ι
874 1212 992 1292 praeter
1014 1226 1053 1272 ea
1075 1226 1144 1291 quae
1168 1209 1303 1273 loannes
1319 1208 1456 1273 Rosinus
1470 1211 1484 1288 Ι
1499 1207 1723 1280 delineaverat.
1749 1204 1877 1271 Infinita
1898 1207 2094 1291 supplentur,

720 1317 898 1386 mutantur,
929 1313 1095 1378 adduntur,
1112 1318 1125 1394 Ι
1142 1311 1224 1400 (etc.)
1236 1319 1250 1394 Ι
1266 1315 1387 1379 Thomu
1416 1315 1601 1398 Dempstero
1631 1312 1651 1377 a
1680 1311 1830 1386 Murem,
1862 1314 1887 1377 Ι.
1920 1313 1954 1379 C.
1985 1313 2095 1387 Scoto,

719 1421 868 1485 Auctore.
883 1422 896 1500 Ι
909 1419 959 1484 Ad
982 1421 1237 1485 Potentissimum
1260 1420 1552 1503 Angustissimbmq.
1578 1421 1762 1504 Principem
1788 1419 1937 1484 Iacobum
1962 1420 1987 1483 Ι.
2002 1422 2015 1500 Ι
2028 1421 2096 1485 Μο·

719 1526 872 1590 noreham
888 1526 1013 1610 Magnae
1030 1527 1212 1599 Britanniae,
1227 1522 1436 1610 &e.(1nc.in
1451 1527 1547 1611 legno
1562 1545 1681 1608 roppr.
1696 1544 1768 1591 una
1783 1544 1882 1608 nave·
1892 1544 1998 1608 sopra
2014 1526 2096 1591 lente

719 1632 925 1698 molazzcnti
940 1632 1009 1697 allo
1023 1630 1178 1697 sommild
1193 1633 1282 1718 degli
1297 1631 1402 1698 alberi
1416 1632 1446 1697 si
1461 1633 1569 1718 leppe:
1589 1650 1711 1698 vienus
1727 1649 1906 1705 rnnmovn
1930 1630 2094 1717 mamers)

720 1737 896 1803 Lutetiae
926 1737 1230 1818 Parisiorum(
1242 1737 1334 1822 Apud
1358 1738 1509 1802 loannem
1532 1738 1584 1802 Le
1612 1739 1737 1810 Bouc,
1760 1739 1813 1801 vid
1836 1737 1990 1810 lacobaea
2022 1743 2094 1802 aute

720 1843 848 1908 Sacram
871 1845 907 1907 D.
932 1844 1094 1909 Benedicti
1105 1848 1119 1926 Ι
1131 1844 1240 1912 aedem.
1257 1844 1297 1909 ad
1318 1845 1446 1929 Insigne
1471 1845 1566 1909 Nauis
1590 1845 1772 1930 Argenteae.
1786 1848 1799 1924 Ι
1813 1847 2095 1923 c1o.1oc.xi11.!

721 1949 798 2014 Cum
819 1950 985 2036 privilegio
1009 1952 1095 2035 regis
1119 1950 1421 2016 Christianissimi.»

769 2072 800 2127 ln
817 2072 864 2127 fol.

769 2176 835 2248 Leg.
854 2178 883 2232 in
901 2177 973 2248 pelle
991 2178 1070 2232 suine
1088 2193 1139 2233 oon
1157 2179 1334 2248 impressione
1351 2178 1473 2234 centrale
1491 2177 1521 2232 P.
1540 2177 1574 2233 da
1592 2178 1666 2232 ambi
1683 2177 1693 2232 i
1711 2177 1770 2232 lati.

568 2333 651 2406 443.
676 2333 877 2409 Cassander
900 2340 1063 2425 Georgius.
1080 2375 1123 2388 —
1140 2358 1158 2402 ‹
1175 2339 1305 2426 Georgii
1316 2343 1329 2421 Ι
1342 2338 1509 2404 Gassmdri
1521 2343 1534 2421 Ι
1545 2338 1648 2424 belgae
1672 2337 1833 2423 Theologi‚
1847 2341 1861 2418 Ι
1873 2338 1973 2423 Impp.
1987 2340 2001 2418 Ι
2014 2339 2089 2403 Fer·

716 2443 852 2511 dinando
874 2447 899 2510 l.
924 2451 956 2511 et
978 2446 1194 2511 Maximilieno
1217 2447 1258 2510 ΙΙ.
1272 2448 1318 2527 la
1340 2445 1488 2519 consiliis,
1502 2450 1516 2527 Ι
1528 2464 1625 2530 opera
1648 2464 1728 2530 quae
1747 2444 1883 2529 reperiri
1896 2448 1910 2524 Ι
1922 2449 2090 2530 potuerunt

716 2551 829 2616 omnia.
843 2553 857 2631 Ι
868 2547 951 2637 (loc.
975 2551 1012 2616 in
1043 2553 1158 2638 byrro:
1180 2570 1252 2617 unc
1276 2552 1407 2634 picoto,
1431 2552 1482 2618 col
1511 2557 1627 2618 molto:
1657 2569 1688 2616 s1
1717 2553 1833 2616 rndrn.
1864 2569 1998 2616 Pernen
2028 2569 2092 2615 avr

716 2675 865 2723 cosmus.
882 2676 949 2725 uun
965 2656 1032 2745 rm.)
1057 2657 1353 2743 Parisiislapud
1375 2658 1607 2744 Hieronymum
1629 2657 1826 2730 Drouart‚
1850 2657 1904 2720 ria
1912 2662 1925 2737 Ι
1939 2656 2090 2728 lacobaea

717 2761 774 2828 sub
797 2768 885 2829 scuto
908 2762 1312 2844 Solari.lm.oc.xV1.»

767 2882 797 2938 ln
814 2883 861 2940 fol

765 2989 831 3060 Leg.
850 2990 878 3043 in
897 2989 969 3061 pelle
987 2991 1066 3045 suine
1084 3007 1135 3046 con
1153 2991 1330 3062 impressione
1348 2990 1470 3046 centrale
1487 2990 1515 3045 al
1533 2989 1585 3045 Dr.
1610 2991 1648 3057 T.,
1666 3006 1682 3045 e
1703 2989 1731 3044 al
1748 2988 1784 3045 R
1808 2990 1838 3044 U.

569 3146 657 3218 444.
679 3148 874 3220 Suetonius
889 3149 948 3238 (G.)
965 3152 1175 3235 Tranquillus.
1192 3188 1235 3201 -
1251 3172 1269 3215 e
1284 3152 1316 3218 C.
1329 3151 1467 3218 Suetonii
1480 3154 1493 3232 Ι
1506 3151 1680 3235 Tranquilli
1693 3153 1707 3230 Ι
1719 3150 1758 3215 de
1780 3150 1846 3215 Xll
1870 3149 2061 3216 Caesaribus
2077 3152 2090 3229 Ι

714 3257 787 3322 libri
810 3258 902 3323 Vlll.
916 3262 929 3338 Ι
942 3257 1090 3323 Eiusdem
1102 3261 1115 3339 Ι
1127 3258 1166 3323 de
1188 3257 1373 3323 inlustribus
1395 3259 1609 3344 grammaticis
1621 3260 1635 3337 Ι
1648 3261 1680 3323 et
1702 3256 1741 3322 de
1771 3257 1867 3321 claris
1898 3256 2087 3322 rhetoribus.

715 3360 822 3449 (etels
834 3360 920 3448 (lec.
943 3364 981 3428 in
1004 3365 1099 3451 legno
1127 3383 1246 3447 rappr.
1271 3363 1471 3448 cmmucopie
1500 3364 1536 3429 di
1557 3364 1634 3449 fiori
1660 3363 1695 3429 ai
1717 3363 1786 3437 loti,
1809 3381 1881 3428 uno
1907 3361 2093 3454 praeludi

714 3469 816 3556 giptio
838 3470 893 3535 nel
914 3488 1030 3536 mezzo
1053 3470 1096 3536 ed
1116 3469 1140 3535 il
1162 3475 1282 3537 mette:
1305 3488 1443 3536 svrnms
1460 3489 1562 3536 casm
1577 3468 1749 3557 scierim).
1767 3469 1972 3543 Parisiis,
1985 3472 1998 3550 Ι
2010 3466 2091 3554 apud

588 3576 593 3584 ’
716 3575 914 3641 Hadrianum
937 3576 1060 3662 Beys‚
1088 3577 1140 3640 via
1162 3576 1314 3642 Iacobaea.
1329 3577 1653 3657 lm.nc.x.l0um
1675 3575 1842 3662 privilegio
1865 3575 2001 3661 regis.»

766 3697 797 3753 In
813 3697 859 3752 fol.

764 3803 831 3873 Leg.
849 3803 878 3857 in
897 3801 969 3874 pelle
987 3802 1065 3857 suine
1083 3819 1134 3858 con
1152 3803 1329 3874 impressione
1347 3803 1469 3859 centrale
1490 3803 1520 3859 0.
1539 3803 1584 3860 nel
1602 3801 1653 3857 Dr.
1673 3818 1689 3858 e
1706 3800 1752 3858 nel
1770 3799 1806 3856 R

566 3977 651 4051 445.
676 3978 860 4068 Virgilius
871 3979 934 4068 (Ρ.)
945 3982 1046 4047 Maro.
1060 4016 1104 4033 -
1117 4001 1135 4045 ‹
1148 3984 1185 4047 P.
1198 3982 1328 4068 Virgilii
1339 3983 1504 4063 Maronis!
1515 3982 1708 4066 posteriores
1722 4000 1780 4047 sex
1795 3979 1870 4045 libri
1882 3983 1895 4061 Ι
1906 3979 2068 4045 Aeneidos
2079 3982 2092 4060 Ι

716 4089 920 4175 Argumentis
931 4092 945 4170 Ι
957 4087 1219 4173 explicationibus
1247 4092 1316 4170 nol
1326 4089 1367 4154 tis
1397 4089 1554 4160 illustrati,
1568 4089 1734 4167 [Auctore
1760 4088 1880 4151 Ioanne
1902 4084 2090 4165 Ludouicol

715 4194 754 4259 de
776 4195 808 4258 la
830 4194 933 4261 Gerda
955 4194 1107 4260 Toletano
1126 4192 1209 4281 (etc.)
1233 4194 1337 4259 Editio
1360 4214 1430 4279 quae
1456 4213 1520 4259 non
1543 4192 1617 4258 autb
1639 4195 1743 4258 lucem
1764 4190 1843 4257 vidit
1855 4194 1868 4272 Ι
1879 4192 2028 4256 Accessit
2049 4189 2088 4255 ad

713 4300 833 4365 calcem
856 4300 953 4365 index
968 4301 1132 4386 Erythrai
1144 4303 1158 4381 Ι
1170 4297 1254 4388 (etc.)
1267 4303 1279 4381 Ι
1291 4297 1535 4386 (lbontespizio
1559 4319 1577 4366 e
1599 4299 1699 4373 titolo,
1717 4298 1815 4364 incisi
1839 4296 1886 4363 do
1907 4295 2089 4364 Ιιθωιανάο

717 4406 897 4472 Gaultloer.
921 4406 951 4470 A
979 4405 1092 4473 deutra
1108 4425 1213 4489 sopra
1233 4426 1282 4472 un
1300 4405 1490 4490 piedtrtalto
1513 4402 1532 4470 d
1557 4403 1682 4472 Ottooio
1705 4403 1877 4491 Augusto3
1899 4421 1923 4469 a
1951 4403 2088 4468 sintrtra

715 4511 861 4598 Virgilio.
886 4511 928 4576 Io
950 4513 1026 4587 alto,
1048 4512 1109 4595 Ινα
1133 4512 1282 4596 Calliope
1303 4512 1421 4579 cedula
1436 4531 1459 4577 a
1472 4510 1619 4586 sinistra,
1635 4529 1654 4577 e
1672 4510 1748 4578 Clio
1771 4529 1794 4576 α
1812 4510 1936 4584 destra,
1959 4509 1991 4575 si
2011 4508 2091 4575 cede

709 4617 805 4683 Enoc
827 4635 889 4683 coo
911 4617 936 4681 o
959 4618 1090 4685 vecchio
1112 4617 1264 4694 Ancbire,
1289 4617 1491 4685 conducente
1517 4618 1604 4684 colla
1632 4635 1734 4684 mano
1764 4615 1879 4683 desua
1908 4615 1935 4680 il
1959 4615 2089 4699 piccolo

710 4722 879 4809 Ascanio.)
907 4722 1329 4809 Lugduni‚lSumptibus
1353 4722 1477 4808 Horatij
1508 4722 1975 4803 Gemoniarum.»

760 4842 792 4898 ln
806 4843 854 4899 fol.

761 4949 828 5021 leg.
846 4951 875 5005 in
892 4949 964 5020 pelle
982 4951 1061 5005 suino
1078 4965 1129 5006 oon
1146 4951 1323 5022 impressione
1340 4949 1462 5007 muti-ele
1491 4951 1529 5018 T„
1549 4953 1627 5006 tauto
1645 4948 1673 5005 al
1691 4947 1744 5007 Dr.
1761 4952 1865 5022 quanto
1882 4946 1911 5003 al
1926 4945 1962 5005 R
