4366 6052
984 424 1181 490 -113-

322 568 405 642 488.
426 567 535 640 Ionas
548 571 709 655 Arngrim.
722 604 766 620 -
790 571 988 656 ‹Arngrimi
1004 572 1089 635 Ionae
1105 570 1248 651 llslandi
1259 574 1273 650 l
1285 569 1445 655 Epistulas
1458 587 1516 654 pro
1538 570 1641 653 patria
1662 569 1841 641 defensoria

470 678 613 762 scriptas
624 676 665 742 ad
672 682 685 758 l
697 677 849 743 Davidem
871 676 1053 749 Fabritium,
1077 677 1306 757 ecclesiasten]
1322 677 1355 740 in
1378 675 1488 748 Ostell,
1516 676 1627 741 Frisiae
1658 678 1838 754 Orientalis,

470 783 557 849 illam
579 783 668 857 falso,
691 783 744 848 vel
771 783 924 865 malitia!
936 783 989 848 vel
1018 784 1149 855 inscitie,
1181 783 1294 847 charta
1322 783 1355 847 in
1381 781 1484 846 lucem
1515 784 1662 865 emissas
1674 786 1839 851 traducen-

469 894 547 955 tem:
560 894 573 970 t
586 888 786 975 ejusdemque
798 895 812 970 l
823 891 979 956 Anatome
1012 887 1233 960 Blefkeniane,
1259 906 1321 972 qua
1333 890 1345 967 l
1357 889 1488 953 Ditmari
1521 888 1682 955 Blelkeuii
1714 892 1839 957 viscera

470 994 570 1080 magis
601 996 770 1081 praecipua,
801 997 834 1059 in
855 995 962 1060 libello
992 994 1031 1059 de
1062 994 1222 1074 lslandial
1244 993 1336 1066 edito,
1368 994 1528 1066 convulsa,
1557 1014 1615 1078 per
1641 997 1839 1064 manifestam

471 1103 742 1167 exenterationem
760 1105 986 1182 [retexuntur.
1018 1101 1089 1167 Una
1118 1120 1190 1165 oum
1220 1098 1430 1185 Chrymogaee
1458 1119 1566 1165 rerum
1600 1101 1834 1170 lslandicarum.

473 1201 535 1274 &c
559 1241 602 1255 —
626 1206 717 1273 Hiob.
741 1208 771 1273 8.
794 1208 836 1275 V.
860 1208 890 1272 8.
904 1214 916 1288 l
929 1209 1098 1292 Interroga
1112 1213 1237 1272 aetatem
1253 1206 1336 1287 (ete.)
1350 1209 1362 1285 l'
1375 1205 1602 1293 Hamburgi
1613 1212 1627 1290 s
1639 1209 1737 1295 lypis
1752 1210 1836 1275 Hen-

473 1315 533 1379 rici
557 1314 772 1380 Garsteus.
796 1316 890 1379 Anno
916 1313 1044 1378 1618.»

523 1433 554 1489 ln
571 1435 597 1489 l.

524 1539 591 1611 Leg.
611 1540 640 1596 in
657 1539 730 1611 pelle
748 1540 833 1595 seina
853 1568 886 1620 Τ
904 1539 1027 1611 Impress
1046 1543 1130 1594 contr.
1151 1540 1180 1599 Ο.
1198 1537 1245 1594 nel
1264 1538 1315 1613 Dr.
1335 1555 1350 1594 e
1367 1538 1413 1594 nel
1431 1537 1465 1596 R.

320 1733 401 1808 489.
426 1732 605 1806 velserus
627 1738 765 1802 Marcus.
789 1771 833 1787 -
856 1737 992 1802 «Marci
1021 1736 1150 1802 Velseri
1161 1740 1175 1818 l
1187 1736 1307 1802 Rerum
1338 1737 1504 1802 Boicarum
1515 1742 1528 1819 l
1540 1736 1627 1802 Libri
1653 1737 1805 1824 Quinque.
1823 1744 1837 1822 l

470 1842 643 1910 Historiam
660 1842 796 1929 egentis
811 1844 943 1928 origine,
959 1841 1000 1908 ad
1016 1842 1163 1908 Carolum
1177 1843 1220 1907 Μ.
1237 1841 1403 1928 complexi.
1420 1848 1488 1924 l-
1504 1843 1713 1928 Augustae
1735 1846 1837 1911 Vin-

468 1947 718 2021 delioorum‚
739 1954 752 2030 l
771 1948 821 2014 Ad
851 1948 973 2034 insigne
1003 1949 1102 2032 pinus.
1117 1950 1130 2028 l
1147 1948 1223 2013 Cum
1253 1948 1420 2034 priuilegio
1443 1949 1575 2014 Caesaris
1600 1970 1687 2035 perp.
1708 1955 1722 2033 l
1740 1952 1833 2017 Anno

470 2072 609 2121 nocua
634 2054 677 2120 ln
696 2056 764 2141 fine
785 2055 847 2120 iac.
879 2055 916 2119 in
937 2055 1033 2141 lepte
1063 2072 1180 2138 rappr.
1211 2073 1259 2119 un
1281 2053 1393 2121 albero
1417 2056 1467 2121 col
1488 2059 1605 2122 molto:
1628 2075 1732 2122 nouos
1755 2077 1833 2123 mur

469 2179 551 2227 nvro
575 2177 709 2234 Qvoevn
731 2178 829 2226 nomo.

522 2280 553 2336 ln
570 2281 596 2337 4.

523 2387 590 2458 Leg.
608 2388 637 2442 in
656 2386 728 2458 pelle
747 2387 833 2442 suine
853 2414 886 2429 -
905 2386 1027 2457 lmpresa
1046 2391 1132 2442 oentr.
1151 2388 1178 2441 S.
1196 2385 1242 2441 nel
1259 2385 1312 2440 Dr·
1331 2402 1346 2440 e
1363 2385 1410 2441 nel
1427 2385 1462 2441 R

319 2578 402 2653 Μ
424 2580 585 2653 Benuom
608 2583 739 2650 Hieron.
756 2619 772 2633 -
786 2580 915 2651 Lerius
930 2583 973 2648 Io.
991 2618 1035 2633 —
1051 2603 1068 2646 ‹
1086 2583 1226 2649 Historia
1237 2588 1249 2663 l
1262 2582 1365 2649 indiae
1388 2581 1597 2659 occidentalis,
1611 2589 1624 2666 l
1637 2585 1740 2650 Tomis
1755 2583 1832 2651 duo·

468 2689 527 2756 bus
549 2690 785 2776 comprehensa.
799 2694 812 2771 l
824 2690 928 2763 Prior,
951 2708 1005 2754 res
1026 2689 1065 2754 ab
1090 2689 1237 2775 Hispanis
1256 2690 1289 2753 in
1313 2687 1401 2753 India
1424 2688 1620 2755 Occidentali
1641 2690 1684 2755 ha
1696 2696 1709 2771 s
1723 2697 1833 2756 ctenus

469 2801 574 2881 gestas
596 2797 680 2879 (etc.)
703 2795 874 2877 describit!
886 2796 979 2861 Alter
1001 2814 1078 2860 vero
1108 2795 1251 2860 Brasiliae
1276 2795 1357 2878 (quae
1384 2799 1416 2860 et
1437 2793 1586 2860 Amerina
1616 2795 1742 2878 dicitur)
1765 2801 1831 2878 rel

467 2920 600 2986 rumque
623 2903 656 2966 in
679 2921 718 2966 ea
739 2900 958 2967 obseruatione
979 2899 1145 2986 (lignenm
1169 2901 1252 2983 (etc.)
1268 2900 1508 2986 descriptionem
1530 2902 1677 2967 continet.
1691 2907 1704 2982 l
1716 2903 1831 2968 Hiero·

466 3025 564 3092 nymo
587 3008 733 3072 Benzone
757 3007 845 3080 Italo,
877 3004 911 3076 &
936 3007 1055 3072 Ioanne
1070 3011 1083 3088 l
1096 3007 1190 3071 Lerio
1212 3005 1393 3092 Burgundo,
1423 3006 1554 3072 testibus
1576 3008 1716 3080 oculatis,
1740 3014 1830 3073 auto-

466 3112 562 3179 ribus.
579 3115 632 3179 Ex
646 3133 684 3179 eo
695 3116 709 3194 l
720 3133 791 3178 rum
812 3118 917 3178 autem
938 3112 1084 3179 idiomate
1106 3114 1139 3177 in
1156 3112 1288 3178 latinum
1303 3132 1479 3178 sermonem
1495 3112 1638 3196 Urbani!
1652 3113 1831 3180 Calvetonis

468 3216 554 3289 &d
568 3219 611 3284 M.
624 3218 725 3284 studio
740 3219 885 3284 conuersi
899 3223 913 3300 l
926 3218 1008 3300 (etc.)
1022 3219 1126 3285 addita
1140 3225 1189 3284 est
1203 3219 1310 3284 Totius
1326 3218 1423 3284 Indiae
1440 3218 1660 3292 Occidentalis,
1674 3240 1730 3285 seu
1745 3220 1830 3286 orbis

466 3324 550 3390 illius
571 3325 645 3390 noui
667 3324 774 3390 brevis
797 3323 964 3410 descriptio
987 3325 1071 3406 (etc.)
1088 3328 1101 3406 l
1113 3321 1188 3409 (inc.
1211 3323 1248 3389 in
1270 3324 1383 3410 tepeo:
1405 3325 1470 3390 due
1484 3325 1578 3390 mani
1600 3324 1659 3391 cle
1679 3344 1826 3412 reppello

467 3426 664 3516 un'dnoora)
679 3429 865 3496 Excudebat
876 3435 889 3511 l
900 3429 1082 3496 Eustathius
1096 3430 1146 3494 Vi
1155 3448 1262 3514 gnon
1274 3434 1287 3512 l
1299 3448 1325 3494 m
1334 3478 1341 3492 .
1351 3449 1373 3495 o
1383 3478 1389 3492 .
1399 3448 1545 3496 imm.
1560 3449 1578 3495 ›
1596 3430 1705 3496 Senta
1720 3432 1826 3518 tuopo.

515 3550 546 3606 In
564 3550 589 3606 8.
607 3578 642 3593 -
659 3550 738 3606 Tomi
755 3550 807 3606 dne
825 3551 855 3605 in
873 3568 910 3605 un
927 3549 980 3606 vol.
999 3549 1125 3605 Incisioni
1143 3551 1172 3605 in
1190 3550 1272 3621 legno
1290 3550 1336 3606 nel
1354 3553 1433 3605 testo.

518 3657 584 3727 Leg.
601 3658 630 3713 in
649 3656 722 3728 pelle
738 3657 766 3711 di
782 3656 887 3713 vitello.
906 3685 940 3699 -
958 3655 1011 3712 Nel
1028 3655 1079 3712 Dr.
1099 3657 1219 3727 impress
1238 3660 1323 3712 centr.
1344 3656 1383 3724 d,
1402 3656 1448 3711 nel
1466 3654 1501 3711 R,
1520 3657 1538 3711 i.
1557 3672 1580 3711 c.
1598 3657 1632 3711 Β.

323 3850 393 3925 491
416 3850 616 3925 Molinaeus
646 3853 785 3920 Carolus.
808 3888 852 3903 -
875 3853 1091 3921 «commenta
1102 3858 1116 3934 l
1128 3854 1194 3919 rius
1216 3851 1255 3918 ad
1271 3851 1406 3918 edictum
1422 3853 1515 3934 Henl
1527 3851 1586 3917 rici
1601 3850 1729 3916 secundi
1741 3852 1826 3938 regis

467 3959 649 4032 Galliarum,
662 3963 675 4040 l
688 3966 800 4025 contra
825 3979 940 4045 paruas
961 3961 1056 4025 Datos
1078 3957 1161 4047 (eto.)
1178 3956 1213 4028 dr
1233 3961 1266 4023 in
1278 3963 1291 4039 l
1303 3959 1430 4043 antiqua
1445 3957 1547 4024 edicte
1569 3956 1603 4026 dr
1625 3964 1828 4023 senatuscon-

466 4066 548 4132 sulta
569 4066 714 4131 Franciae
729 4072 841 4132 eontra
850 4072 864 4149 l
876 4067 1082 4140 Annatarum,
1106 4062 1187 4152 (eto.)
1210 4065 1322 4130 multas
1344 4084 1386 4129 no
1400 4069 1414 4147 l
1422 4084 1478 4129 uas
1500 4063 1672 4129 decisiones
1695 4064 1778 4129 luris
1794 4059 1828 4132 dt

466 4190 525 4258 pra
536 4175 549 4253 l
561 4172 610 4237 xis
633 4172 806 4238 continens.
820 4175 833 4253 l
845 4171 965 4238 Antore
988 4171 1101 4238 Oarolo
1130 4171 1296 4244 Molinaeo,
1321 4171 1537 4235 iureconsulto
1557 4170 1730 4235 Parisiensi
1745 4165 1779 4238 di
1793 4171 1827 4234 in

466 4296 612 4363 supremo
625 4278 819 4343 Parisiorum
830 4277 947 4343 Senatu
957 4280 971 4358 l
982 4277 1144 4344 Aduooato
1159 4276 1395 4343 consultissimo.
1409 4277 1546 4358 Λεία.»
1563 4275 1607 4341 In
1621 4276 1706 4363 fine:
1723 4277 1828 4341 ‹Ba-

465 4384 580 4449 sileae
594 4388 607 4466 l
620 4382 753 4450 lacobus
782 4385 940 4450 Parcus
974 4382 1156 4458 excudebat,
1170 4387 1183 4465 s
1198 4384 1291 4449 Anno
1325 4381 1434 4447 salutis
1466 4400 1493 4447 m
1509 4431 1516 4445 .
1533 4400 1623 4449 nnn.
1640 4382 1732 4464 [XV
1767 4382 1826 4448 cal

466 4489 670 4557 Nouembr.›

517 4609 547 4665 ln
565 4611 583 4665 l
600 4610 628 4667 ui
644 4626 707 4682 Μ·
726 4611 871 4682 (11),oeo,
890 4611 955 4683 (26)·

517 4716 583 4787 Leg.
602 4717 632 4772 in
649 4716 723 4788 pelle
739 4717 767 4773 di
784 4718 889 4774 vitello.
907 4746 941 4761 -
959 4716 1012 4773 Nel
1030 4716 1081 4773 Dr.
1099 4717 1219 4788 impr-ess
1237 4719 1322 4773 contr.
1341 4716 1436 4772 dot-eta
1456 4714 1485 4771 C.
1503 4731 1554 4771 con
1572 4715 1601 4770 la
1617 4715 1682 4771 deta
1699 4714 1782 4783 1561,
1795 4713 1828 4769 ed

464 4823 586 4894 impress
604 4822 633 4878 di
650 4827 782 4879 conterno
799 4827 820 4896 s.
838 4851 873 4866 -
891 4823 936 4880 nel
953 4823 989 4881 R
1006 4823 1126 4894 impl-ess
1145 4827 1229 4879 centr.
1248 4823 1343 4878 dorato
1367 4823 1401 4877 D.
1420 4822 1453 4879 ed
1471 4822 1592 4894 impress
1611 4820 1639 4876 di
1656 4823 1787 4875 conterno
1805 4821 1826 4890 s.

464 4927 580 4986 Borehie
598 4927 633 4986 ed
648 4929 742 5003 angeli
761 4928 788 4985 di
805 4929 927 4987 metallo.

1615 5033 1648 5090 15
