4366 6052
988 434 1185 499 -340-

475 594 558 640 max.
571 574 610 638 de
617 577 630 655 Ι
640 572 842 658 expeditione
855 575 887 639 in
900 576 1021 640 Tur-cas
1033 575 1172 661 Elegeia,
1186 575 1226 641 cri
1237 575 1446 660 argutissimis
1461 574 1756 655 (19Ι91199119999ι9
1771 576 1856 640 viro

476 702 547 746 rum
566 679 876 767 epigrammatibus]
885 718 928 732 -
939 683 1082 769 Epistola
1097 683 1221 748 Pisonis
1235 683 1276 748 ad
1292 683 1336 748 lo.
1352 682 1513 757 coritium,
1531 681 1571 746 de
1586 680 1736 747 conflictu
1753 681 1833 747 Polo
1841 686 1855 762 Ι

474 808 589 853 norum
606 793 638 853 et
651 788 856 854 Lituanorum
868 809 940 853 cum
953 790 1145 854 Moscouitis.
1155 791 1169 868 Ι
1176 788 1387 854 -Henricus
1398 789 1500 854 Penio
1511 787 1552 852 ad
1564 787 1745 854 Reverend.
1759 787 1852 853 Card.

479 893 518 958 de
542 894 645 960 Saulis
665 893 704 959 (19
719 915 760 980 ge
772 898 784 975 Ι
797 896 852 960 stis
868 894 965 980 Sophi
980 900 1092 960 contra
1107 896 1236 960 Turcas.
1249 898 1319 975 Ι-
1334 895 1476 981 Epistola
1491 892 1684 980 sigismundi
1700 893 1855 959 Poloniae

474 1001 560 1087 regis
589 1000 630 1065 ad
652 1001 790 1066 Leonem
814 1001 846 1066 X
858 1005 872 1084 Ι
883 1007 967 1088 pont.
992 1022 1077 1067 max.
1094 1002 1133 1067 de
1151 1002 1285 1066 victoria
1301 1005 1413 1066 contra
1429 1000 1652 1066 schismaticos
1675 999 1855 1065 Moscovios

479 1107 561 1192 apud
587 1107 671 1172 Aras
693 1106 871 1172 Alexandri
893 1109 999 1193 magni
1022 1113 1121 1195 parta.
1135 1111 1149 1189 Ι
1161 1143 1204 1158 -
1219 1107 1343 1173 Erasmi
1359 1105 1565 1172 Roterodami
1580 1105 1716 1192 epistola
1730 1105 1772 1170 ad
1788 1106 1855 1187 Le!

476 1233 570 1278 onem
595 1215 636 1278 X.
661 1218 746 1299 pont.
770 1232 855 1278 max.
879 1213 918 1278 de
940 1213 1083 1279 laudibus
1105 1214 1189 1278 illius
1212 1218 1244 1278 91
1265 1212 1702 1298 novalhieronymianorum
1721 1231 1854 1297 operum

475 1319 643 1385 aeditione.
658 1322 725 1400 Ι-
741 1318 891 1407 Ejusdem
913 1320 954 1385 ad
984 1320 1206 1387 Reverendiss.
1227 1319 1263 1385 D.
1280 1320 1488 1386 Grimannum
1512 1318 1543 1385 S.
1567 1319 1609 1384 M.
1623 1321 1637 1399 Ι
1650 1317 1854 1385 cardinalem

476 1426 616 1512 epistola.
631 1424 833 1512 —Ejusdem
855 1426 897 1491 ad
919 1427 1141 1492 Reverendiss.
1155 1428 1213 1490 Dn.
1227 1425 1423 1512 Raphaelem
1435 1425 1526 1506 Rea!
1535 1425 1617 1490 rium
1631 1425 1679 1490 tit.
1696 1445 1721 1489 s.
1736 1424 1855 1490 Gaeor·

473 1535 516 1620 gii
539 1532 613 1618 (sic)
638 1533 838 1599 cardinalem
861 1535 1028 1620 epistolas
1040 1570 1083 1583 -
1099 1533 1249 1621 Ejusdem
1278 1534 1318 1599 ad
1348 1535 1498 1600 eximium
1528 1552 1640 1599 sacrae
1671 1533 1854 1617 theologiae

446 1638 451 1647 '
474 1640 662 1721 doctorem!
669 1639 842 1704 Martinam
865 1641 1015 1727 Dorpium
1038 1639 1229 1705 Hollandum
1253 1640 1385 1725 epistola
1407 1639 1478 1725 Apo
1489 1643 1503 1722 Ι
1514 1639 1652 1724 legetica
1668 1637 1708 1706 de
1722 1657 1853 1703 suarum

472 1745 727 1811 lucubrationum
748 1746 914 1811 aeditione.
938 1783 981 1796 -
1005 1747 1154 1837 EJusdem
1178 1748 1210 1810 in
1232 1745 1325 1811 laude
1348 1743 1435 1814 urbis
1459 1744 1625 1812 Selestadii
1651 1745 1853 1835 panegyrici

474 1851 588 1917 Carme
599 1853 613 1930 Ι
627 1850 778 1938 (stemma
805 1848 1017 1928 delt'editore,
1045 1872 1106 1920 con
1137 1849 1360 1919 1199191999·
1390 1870 1549 1918 nnsruunn
1578 1870 1669 1917 nnvn
1701 1869 1855 1916 murman

475 1958 684 2042 anonumum)
701 1978 730 2022 a.
755 1959 798 2023 Io
811 1958 877 2043 fine
892 1955 911 2022 d
924 1959 1067 2042 ripetuto
1081 1959 1106 2023 11
1124 1959 1304 2025 mcdcsimo
1318 1964 1472 2025 stemma:
1490 1977 1508 2021 (
1525 1958 1721 2023 Besileae
1751 1958 1855 2037 loanl

475 2083 532 2129 nes
556 2063 689 2129 Frobe
701 2067 715 2145 Ι
727 2066 838 2160 nilus
861 2065 945 2150 typis
967 2066 1031 2130 suis
1054 2064 1230 2131 excudebat
1241 2070 1255 2148 Ι
1267 2084 1375 2130 mense
1397 2065 1551 2151 Augusto.
1576 2084 1602 2131 u
1615 2114 1622 2126 .
1637 2083 1659 2128 n
1673 2114 1680 2127 .
1693 2082 1784 2129 xv».

524 2202 741 2270 undem

326 2433 454 2505 140712.
479 2433 779 2506 Contemnamus
803 2435 1035 2523 (Fortiguerra)
1058 2437 1170 2523 Scipio.
1195 2473 1237 2488 -
1263 2436 1431 2523 ‹Scipiol
1443 2438 1493 2501 nis
1516 2436 1686 2510 Garltero
1698 2435 1828 2517 [machi
1840 2437 1855 2516 Ι

473 2545 589 2630 pistori
601 2548 615 2624 Ι
627 2546 711 2609 ensis
723 2549 736 2625 Ι
749 2548 851 2611 oratio
881 2545 920 2610 de
949 2544 1033 2609 laudi
1045 2550 1059 2625 Ι
1070 2542 1128 2609 bus
1150 2544 1316 2609 literarum
1327 2545 1342 2624 Ι
1353 2562 1542 2630 graecarum
1555 2544 1570 2623 Ι
1593 2542 1670 2626 (inc.
1692 2542 1733 2606 in
1756 2542 1853 2628 leym

468 2670 593 2734 roppr.
619 2652 653 2716 19
675 2652 900 2720 decollazione
922 2651 959 2717 di
981 2651 1014 2717 S.
1042 2650 1208 2718 01999991
1230 2650 1385 2733 Ballista)
1401 2670 1430 2714 ›.
1455 2652 1498 2716 In
1520 2652 1598 2736 fine:
1622 2667 1640 2711 (
1658 2647 1779 2714 Habita
1794 2648 1854 2713 fuit

473 2758 557 2824 baec
579 2759 681 2822 oratio
704 2759 849 2824 Venetiis
861 2764 874 2840 Ι
886 2759 997 2825 Mense
1014 2759 1161 2822 Ianuario
1173 2760 1187 2838 Ι
1199 2777 1225 2822 u
1241 2776 1262 2822 n
1276 2775 1330 2823 1111
1344 2807 1350 2820 .
1363 2759 1378 2838 Ι
1390 2755 1502 2821 Basil
1511 2776 1581 2821 eae
1596 2753 1681 2841 apud
1701 2756 1852 2820 loannem

471 2864 751 2944 Frolbenium
774 2884 883 2930 mense
906 2883 1151 2930 n.n.xv11.>
1176 2862 1241 2930 Nel
1262 2864 1409 2931 rovescio
1433 2863 1487 2930 del
1508 2862 1612 2949 sopito
1628 2859 1647 2926 ἑ
1663 2863 1695 2929 to
1712 2867 1852 2928 stemma

469 2969 521 3033 det
545 2968 720 3037 Frobenio.

520 3108 550 3162 In
569 3109 593 3175 4,
613 3109 641 3162 ur
660 3111 677 3162 r.
700 3108 738 3163 13.

327 3355 448 3427 140822
462 3354 607 3427 Plotina
632 3356 775 3446 [Barth]
798 3394 841 3407 -
866 3360 991 3425 Platina
1022 3359 1060 3424 de
1089 3359 1224 3425 honesta
1246 3359 1374 3444 volupta
1385 3363 1399 3441 Ι
1410 3365 1442 3425 19
1465 3363 1497 3424 91
1519 3356 1712 3430 valetudine,
1735 3356 1849 3422 uelde

473 3462 610 3529 obsoniis
634 3470 665 3529 91
687 3470 758 3530 arte
770 3469 783 3546 Ι
795 3467 978 3553 coquinaria
999 3465 1072 3530 libri
1096 3465 1246 3530 decem>
1271 3467 1314 3531 Ia
1335 3466 1412 3551 fine:
1430 3484 1447 3527 ‹
1464 3463 1560 3530 Liber
1575 3464 1724 3529 Platinae
1739 3463 1779 3528 (19
1797 3460 1849 3528 ho

478 3576 569 3636 nesta
592 3570 753 3656 voluptate
776 3575 807 3636 et
829 3571 1102 3653 valetudinelseu
1125 3571 1164 3636 de
1186 3575 1257 3636 arte
1280 3571 1464 3655 coquinaria
1479 3576 1512 3635 91
1527 3569 1654 3636 cibariis
1671 3573 1847 3649 excussus!

478 3683 525 3741 est
549 3682 581 3742 91
603 3677 786 3743 emendatus
808 3678 1037 3763 Argentine
1061 3679 1092 3743 in
1115 3676 1241 3743 officina
1264 3678 1392 3743 loannis
1415 3673 1664 3741 Knoblouch
1686 3677 1783 3742 Anno
1805 3694 1849 3739 sa·

470 3784 584 3861 lustis
606 3788 735 3848 nostrae
758 3802 1003 3851 u.n.xv11.›

518 3921 548 3975 ln
570 3923 595 3976 1.
614 3922 640 3974 di
660 3923 678 3977 f.
696 3923 739 3977 70.

531 4026 642 4081 11009-
654 4028 737 4082 14081
754 4044 960 4084 ussermanni.
980 4058 1013 4070 -
1033 4028 1098 4098 Leg.
1113 4029 1140 4082 in
1158 4045 1249 4083 mezzo
1266 4026 1339 4099 pelle
1357 4028 1444 4083 suine,

322 4276 425 4348 1409.
446 4276 648 4349 Cassander
671 4280 834 4366 Georgius.
851 4314 895 4329 -
910 4281 1039 4365 Georgii
1063 4279 1231 4345 Cassandri
1243 4284 1257 4360 Ι
1265 4279 1304 4346 (19
1319 4279 1473 4345 Articulis
1488 4279 1665 4364 Religionis
1683 4280 1769 4343 inter
1784 4278 1845 4358 Cal

466 4386 613 4458 tholicos‚
638 4391 670 4450 91
693 4387 911 4452 Protestantes
934 4388 1149 4452 controversis
1171 4386 1256 4471 (919.)
1279 4385 1453 4467 Eiusdem)
1464 4385 1504 4451 de
1524 4383 1647 4458 Officio,
1665 4383 1738 4470 (sic)
1754 4386 1796 4470 pii
1810 4402 1844 4447 ac

471 4493 617 4577 publicae
641 4492 892 4576 Tranquillitatis
911 4492 995 4577 (919.)
1018 4494 1091 4558 Viri
1114 4492 1197 4577 (919.)
1228 4491 1353 4558 dissidio
1360 4497 1375 4575 Ι
1387 4491 1462 4577 (inc.
1487 4493 1523 4557 in
1552 4493 1650 4578 leprw
1681 4489 1844 4575 9999911

472 4599 566 4666 barto
590 4599 626 4665 di
641 4599 799 4665 Minerva
811 4600 861 4665 991
875 4604 987 4665 motta:
1003 4618 1155 4665 somnum
1179 4597 1413 4684 summanum)
1428 4597 1634 4683 Lugduni.
1649 4595 1842 4682 lsumptibus

466 4706 579 4770 Lazari
602 4708 797 4771 Zetzneri
822 4706 953 4792 Bibliop.
979 4726 1004 4772 m
1021 4726 1062 4771 no
1077 4726 1148 4772 x11.
1164 4729 1181 4770 ›

516 4845 589 4900 h&

517 4950 583 5021 Leg.
603 4950 722 5022 inpelle
741 4953 828 5007 suina.
848 4980 881 4995 -
899 4951 1023 5022 Impresa
1042 4957 1128 5009 contr.
1150 4952 1181 5007 0.
1199 4951 1245 5008 uel
1263 4951 1316 5009 Dr.
1334 4968 1350 5008 ο
1368 4951 1414 5008 nel
1432 4950 1468 5007 R
